2954 4784
181 208 227 279 60
593 215 665 276 (lus.
679 215 724 290 H,
742 237 772 276 v.
788 221 864 276 1-5.

179 400 356 476 scriptorum
374 399 562 458 testimonia¹
579 402 658 478 apud
671 401 791 472 Medos,
805 397 918 475 Syros,
930 399 1048 460 Arabes
1062 401 1112 459 all.
1127 407 1196 460 ante
1209 399 1282 478 Gyri

179 508 383 577 tempestatem
400 481 520 576 ignotos
538 501 630 561 fuisse
648 508 774 560 constat.
809 497 916 577 Neque
932 519 1003 557 vero
1019 500 1052 558 in
1070 501 1164 560 sacris
1187 499 1282 562 literis

178 601 261 678 prius
279 619 368 679 quam
385 599 506 659 tMacc.
524 600 616 675 XIII,
639 606 656 660 2
674 601 736 660 nlla
752 617 853 658 eorum
869 599 951 658 facta
967 601 1208 660 commemoratio
1226 609 1280 660 est.

178 703 209 779 3)
231 701 365 761 Maxima
388 700 580 777 interpretum
603 719 674 778 pars
696 699 893 776 transpositas
916 699 999 758 verbi
1025 701 1127 760 literas
1152 709 1282 777 arguunt

179 820 235 878 pro
252 796 354 863 unani
370 820 400 859 v.
418 803 445 872 5,
463 798 575 874 Canu,
589 801 702 874 Dans,
717 800 885 872 Coconrus,
899 799 1036 872 Manum,
1052 799 1206 861 Goussnr.
1220 801 1280 859 lex.

178 921 209 978 p.
225 905 307 973 1289,
331 900 379 959 all
386 921 394 973 3
424 901 563 960 differunt
579 911 676 961 autem
693 921 747 974 eo,
772 901 852 978 quod
875 899 927 958 alii
950 900 1089 976 proprias
1112 899 1281 978 intelligunt

179 1001 277 1074 faces,
301 1001 349 1058 vel
371 1000 468 1059 noctis
485 1001 704 1062 collustrandae
728 1019 835 1060 caussa
860 1017 999 1060 accensas
1015 999 1131 1074 Deua,
1156 1000 1204 1059 vel
1224 1019 1282 1077 pro

178 1100 295 1177 vulgari
318 1109 449 1172 veterum
472 1118 568 1176 more,
594 1101 624 1160 iu
647 1101 774 1162 medium
792 1101 890 1158 locum
912 1099 989 1158 inter
1011 1108 1167 1179 utramque
1189 1101 1283 1160 aciem

179 1200 386 1278 Interpositum
420 1201 517 1275 faces,
556 1221 674 1280 pugnae
707 1183 934 1260 committendae
967 1200 1070 1277 signa,
1110 1201 1283 1260 coniiciendi

178 1299 366 1378 (Sounoua.)
383 1333 419 1344 -
436 1301 518 1360 ouius
535 1302 756 1362 consuetudinis
773 1301 853 1377 apud
864 1298 1019 1360 Semiticas
1042 1309 1144 1378 gentes
1168 1301 1282 1360 nullum

180 1421 218 1460 ue
233 1400 392 1478 vestiqum
415 1401 533 1479 quidem
557 1401 702 1480 reperitur
709 1422 719 1474 ;
741 1403 776 1480 b)
792 1399 900 1478 reliqui
923 1401 1073 1460 translate
1088 1402 1183 1461 dictas
1206 1401 1282 1460 acci·

178 1502 282 1578 piunt,
301 1520 353 1561 seu
371 1503 410 1561 ob
427 1501 575 1578 ingentem
602 1503 798 1576 celeritatem,
824 1499 935 1574 Caua,
962 1501 1037 1561 rotis
1054 1501 1282 1562 scintillantibus

180 1601 298 1674 Gaea,
321 1602 353 1660 in
375 1621 452 1662 saxa
473 1603 704 1681 impingentibus
729 1602 882 1674 Vastan,
907 1600 1084 1674 Kaumsur3
1114 1621 1191 1679 quae
1214 1621 1280 1662 sen·

179 1702 290 1760 tentiae
315 1701 353 1760 ad
381 1711 515 1761 nostram
537 1704 600 1762 fere
621 1705 745 1763 redeunt
773 1701 943 1779 explicandi
957 1701 1112 1760 rationem.
1147 1703 1196 1761 Ab
1226 1703 1282 1762 hac

180 1789 279 1863 autem
303 1802 534 1879 transpositione
557 1804 725 1877 literarum,
751 1822 811 1881 qua
835 1821 896 1862 non
920 1819 1006 1880 egere
1028 1821 1119 1879 supra
1143 1803 1281 1875 vidimus,

181 1921 217 1961 eo
234 1901 331 1980 magis
353 1904 514 1962 cavendum
537 1912 600 1978 est,
625 1921 685 1982 quo
710 1910 852 1981 sequente
872 1903 940 1979 ipso
965 1921 1053 1962 versu
1075 1904 1198 1963 verbum
1220 1903 1282 1965 suis

179 2003 274 2062 literis
292 2012 447 2063 exaratum
459 2004 576 2080 legitur,
594 2023 690 2083 neque
706 2003 832 2080 intelligi
845 2002 965 2061 omnino
978 2011 1093 2079 potest,
1111 2004 1182 2082 quid
1194 2013 1282 2078 esset,

180 2104 260 2182 quod
277 2104 316 2162 ad
334 2106 458 2164 eundem
475 2105 700 2181 exprimendum
717 2123 836 2164 sensum
853 2112 937 2163 vates
960 2111 989 2162 et
1014 2103 1116 2163 literas
1134 2113 1164 2164 et
1189 2123 1282 2182 genus

179 2205 373 2264 immutasset.
408 2205 498 2264 LXX
515 2214 580 2265 toto
597 2207 681 2265 coelo
703 2207 858 2264 aberrant:
893 2191 1018 2287 {tropus
1051 2199 1194 2277 δυνατὰς
1225 2198 1283 2282 ε’μ-

180 2299 363 2379 παίζοντας
384 2298 418 2366 ἐν
439 2300 533 2386 πυρὶ,
562 2295 597 2365 αἱ
620 2296 710 2388 palat
731 2303 797 2364 τῶν
818 2293 975 2384 ἁρμάτων
997 2293 1105 2364 αὐτῶν
1122 2297 1157 2364 ἑν
1174 2293 1283 2387 ἡμέρᾳ

181 2394 376 2480 biotanatos
401 2393 505 2465 αὐτοῦ
532 2414 588 2479 ot.;
606 2426 660 2466 neo
677 2406 778 2465 durius
795 2405 936 2464 iudicavit
952 2403 1193 2480 sassonorum,
1217 2425 1283 2465 oum

180 2505 304 2564 diceret:
329 2523 457 2581 „graeca
473 2507 572 2567 versio
594 2508 642 2566 hic
659 2516 705 2566 tot
720 2505 834 2564 mendis
851 2513 960 2578 scatet,
986 2514 1019 2564 ut
1041 2526 1078 2564 ne
1095 2507 1214 2584 quidem
1231 2508 1283 2566 ad-

181 2603 248 2663 duci
266 2611 443 2664 mereatur.“
461 2640 497 2648 -
520 2607 660 2680 Additur,
684 2606 804 2685 quando
828 2606 976 2666 exercitus
991 2606 1122 2666 hostium
1140 2607 1282 2666 eiusmodi

180 2713 370 2780 conspectum
395 2708 552 2782 praebeat:
588 2722 674 2772 aaran
697 2723 779 2778 nuru,
803 2725 837 2764 eo
859 2707 916 2777 die,
947 2725 1004 2782 qao
1031 2711 1146 2766 imbuit
1173 2708 1265 2768 aciem
1272 2730 1281 2780 3

181 2819 247 2882 3³:2¹1
280 2805 372 2879 enim,
390 2807 467 2865 nude
479 2809 625 2883 positum,
644 2807 791 2884 significat
807 2807 869 2865 fure
881 2808 1036 2885 disponere
1049 2807 1157 2882 adem,
1176 2809 1280 2868 Iouem.

180 2906 299 2979 XLVI,
319 2912 365 2978 143
383 2899 439 2966 Ea.¹
455 2909 528 2982 VH,
549 2915 595 2982 14,
622 2927 718 2985 neque
734 2927 805 2966 vero
829 2908 969 2967 inchoare
984 2907 1178 2986 (Hontnu.);
1204 2929 1281 2981 eum,

180 3007 231 3084 qui
245 3007 384 3084 disponat
394 3009 503 3083 aciem,
521 3010 654 3087 plerique
671 3009 842 3068 existimant
855 3009 972 3067 Medum
989 3027 1054 3068 esse
1071 3008 1134 3067 sive
1150 3009 1281 3086 Babylo-

180 3108 277 3179 nium,
300 3127 402 3166 verum
420 3119 453 3168 ut
469 3129 561 3186 supra
576 3131 604 3169 a.
622 3129 650 3168 v.
678 3125 798 3175 insutus
827 3107 931 3168 melius
949 3109 1143 3185 cogitabimus
1160 3111 1197 3168 de
1215 3109 1281 3182 deo,

180 3207 341 3267 voluntatis
352 3209 503 3270 ministros
515 3211 545 3268 in
559 3229 695 3286 campum
708 3208 875 3268 deducente.
885 3206 1009 3287 (an.)
1016 3210 1068 3268 cfr.
1082 3210 1139 3269 les.
1153 3210 1241 3284 XIII,
1254 3214 1282 3284 3,

181 3308 273 3366 verba
291 3325 382 3383 supra
399 3311 506 3384 citata,
526 3319 556 3369 et
571 3331 599 3372 v.
613 3317 647 3369 42
667 3310 835 3383 „Dominus
853 3310 1034 3368 exercituum
1051 3310 1180 3370 lustrans
1198 3329 1283 3369 exer·

180 3407 270 3466 citum
284 3408 389 3470 ,bellif‘
414 3410 473 3484 Qui
491 3412 632 3470 suffixum
650 3410 810 3470 accusativi
826 3429 891 3470 esse
908 3409 1078 3487 opinantur,
1097 3429 1132 3468 ea
1143 3411 1205 3484 die,
1224 3431 1285 3489 qua

179 3508 300 3568 iustruit
317 3529 397 3583 eum,
415 3512 649 3571 antecedentium
666 3513 823 3570 verborum
841 3510 985 3570 rationem
1003 3509 1165 3588 negligunt.

229 3609 300 3668 Non
318 3610 415 3672 minus
433 3621 542 3672 vexata
563 3612 655 3671 verba
679 3612 772 3671 altero
794 3612 945 3694 adduntur
965 3611 1111 3669 membro:
1129 3626 1282 3676 numinum

180 3707 276 3777 tbvm
305 3723 332 3770 et
354 3717 477 3791 cupressi
498 3715 651 3772 vibrantur.
686 3729 770 3777 mnu:
798 3711 867 3772 aliis
891 3720 938 3772 est
961 3711 1060 3784 abies,
1092 3709 1283 3782 Goussnruo,

179 3871 379 3882 ——-—-——-

232 3989 257 4050 l)
274 3990 326 4039 Otr.
349 3990 464 4039 Xnnoru
488 3989 583 4054 Cyrop.
607 3988 651 4050 IV,
671 3991 694 4050 l,
717 3989 758 4038 27.
781 3989 828 4049 303
853 3988 939 4039 Gosss
965 4002 990 4050 p.
1005 3989 1068 4050 2253
1096 3988 1243 4038 Wnruuson
1261 3985 1284 4049 1,

179 4075 278 4136 p.3oo;
296 4074 428 4123 Drooonus
446 4074 547 4137 quidem
557 4074 619 4134 11‚o
637 4073 734 4123 aNino
752 4086 813 4136 rega
831 4075 916 4124 10600
933 4088 1021 4124 currus
1032 4071 1140 4122 falcatos
1158 4073 1185 4122 iu
1203 4072 1284 4121 aciem

179 4157 284 4207 eductos
301 4157 392 4219 retert3
415 4165 443 4207 at
464 4165 561 4222 quauta
582 4159 609 4209 in
628 4157 753 4209 eiusmodi
774 4158 849 4210 rebus
871 4158 936 4209 fides
961 4160 985 4209 ei
1002 4157 1122 4208 habenda
1145 4159 1191 4217 sit,
1214 4155 1284 4205 infra

179 4243 280 4303 saepius
297 4241 446 4292 videbimus.
