2954 4808
459 217 484 292 ᾖ.
503 221 527 274 9.
553 215 773 274 Inrsnraarnu
789 229 988 273 oonsraorns.
1170 231 1277 274 nxxvn

207 393 210 396 ’
227 399 295 474 Quo
314 395 394 458 iacto
411 415 475 457 cum
493 398 730 474 potentissimum
748 400 941 476 Assyriorum
964 399 1118 474 imperium
1135 417 1193 457 una
1210 415 1276 456 cum

175 500 332 576 magnilica
348 502 422 559 urbe
446 500 578 558 funditus
597 519 730 559 eversum
753 508 846 571 esset,
873 500 1044 558 vaticinium
1069 497 1199 558 Nahumi
1217 519 1276 557 non

176 601 340 658 confectum
359 600 479 658 omnino
497 609 587 676 atque
604 600 772 658 absolutum
790 607 849 671 est3
867 601 988 658 eaenim
1005 619 1068 658 cum
1083 599 1276 675 plurimorum

176 701 213 758 V.
231 699 269 759 Ti
287 701 509 772 vaticiniorum,
528 709 590 758 tum
608 719 709 759 eorum
728 700 853 758 tenenda
870 701 946 758 ratio
964 709 1024 772 est,
1050 719 1128 777 quae
1144 700 1182 757 de
1198 719 1276 758 sum-

176 801 231 860 mis
257 801 338 860 orbis
361 810 506 858 terrarum
531 800 629 876 regnis
652 801 732 860 edita
757 808 834 872 sunt,
854 801 934 877 quod
960 820 1019 858 non
1051 819 1154 858 eversa
1175 799 1277 877 aliqua

176 909 276 977 gente,
300 919 401 959 verum
418 902 556 960 universa
574 901 689 959 demum
708 902 854 958 mundana
870 909 1018 976 potestate
1035 901 1200 972 destructa,
1224 901 1277 958 hu·

178 1002 272 1060 manis
289 1003 378 1060 rebus
402 1001 510 1074 finitis,
529 1001 568 1060 ad
584 1001 703 1076 plenum
721 1002 959 1078 cumulatumque
975 1002 1174 1076 perducuntur
1190 1019 1277 1058 even-

178 1111 250 1159 tunr.
275 1103 332 1159 Est
349 1102 426 1158 enim
443 1102 545 1160 eadem
563 1119 678 1176 semper
695 1102 782 1159 huius
800 1101 900 1160 mundi
917 1109 1067 1177 potestaS,
1094 1121 1171 1177 qnae
1187 1102 1277 1158 modo

178 1203 234 1260 hac
251 1202 340 1259 modo
360 1200 412 1260 illa
428 1212 529 1278 gente,
548 1201 698 1278 variisque
716 1202 853 1278 deinceps
876 1202 996 1278 regibus
1020 1202 1278 1276 comprehenditur

179 1310 269 1377 atque
287 1321 430 1377 expressa
452 1303 577 1360 refertur
593 1303 729 1378 imagine.
755 1303 838 1378 Ergo
861 1303 1012 1378 praedicta
1035 1302 1098 1360 eius
1122 1301 1205 1377 regni
1228 1303 1277 1359 de-

179 1402 317 1474 structio,
336 1402 383 1460 cui
400 1403 453 1459 illo
470 1403 547 1460 forte
564 1411 696 1477 ternpore
713 1421 828 1461 summa
845 1403 881 1460 de
899 1403 970 1460 orbe
988 1409 1130 1460 terrerum
1144 1402 1278 1476 potentia

179 1502 359 1578 contigerat,
377 1503 481 1560 iterum
494 1502 659 1579 iterumque
677 1503 788 1575 evenit,
807 1503 899 1560 donec
908 1503 1006 1561 bellua
1014 1502 1074 1560 ista
1083 1502 1100 1573 ¹,
1120 1521 1196 1578 quae
1212 1501 1277 1558 uni·

180 1621 295 1660 versam
314 1603 433 1660 omnino
455 1610 633 1678 potestatem
659 1603 776 1662 divinae
801 1603 913 1662 civitati
929 1603 1075 1660 inimicam
1094 1603 1125 1659 in
1149 1619 1181 1659 se
1203 1602 1278 1676 gerit

178 1703 331 1760 collectam
349 1714 378 1761 et
394 1702 649 1779 comprehensam,
667 1703 697 1760 iu
715 1704 831 1779 igneum
850 1703 1010 1780 aliquando
1028 1701 1202 1760 coniiciatur
1219 1709 1278 1760 sta-

179 1819 286 1877 gnum,
312 1813 341 1861 et
358 1823 427 1862 vere
451 1804 501 1880 qui
519 1803 655 1861 dicuntur
671 1803 824 1862 Israelitae
841 1807 878 1862 ab
897 1805 959 1864 eius
977 1805 1101 1862 arbitrio
1128 1811 1157 1860 et
1179 1819 1277 1877 perse·

180 1903 296 1960 cutione
313 1904 454 1962 vindicati
471 1905 530 1964 sint
547 1905 578 1962 ln
595 1905 694 1964 secula
711 1905 885 1965 seculorum.

426 2080 452 2156 §-
471 2084 495 2136 9.
520 2093 776 2144 mnnnrnnrnn
794 2093 1033 2146 consensius

230 2203 351 2276 Restat,
371 2213 403 2261 nt
419 2224 521 2269 eornm
539 2207 658 2264 nomina
670 2207 826 2265 videantur
841 2206 1036 2278 recensenda,
1055 2223 1181 2282 quorum
1193 2205 1279 2264 libris

180 2307 209 2362 iu
228 2304 406 2379 explicando
424 2305 554 2363 Nahumi
574 2307 712 2365 vaticinio
731 2307 775 2366 usi
794 2326 909 2379 sumus3
936 2307 966 2363 id
984 2306 1065 2382 quod
1082 2308 1124 2365 ita
1142 2307 1277 2366 absolve-

117 2439 121 2448 ·
181 2423 262 2477 mus,
288 2413 320 2462 ut
337 2425 374 2462 ex
392 2405 444 2478 iis,
468 2407 519 2483 qui
537 2408 584 2465 vel
601 2408 769 2466 universum
788 2408 824 2466 V.
843 2408 897 2480 T.‚
924 2407 970 2465 vel
989 2407 1050 2463 XII
1067 2409 1279 2483 prophetarum

181 2506 303 2578 libmm,
327 2505 373 2564 vel
393 2507 496 2564 'solnm
514 2505 645 2566 Nahumi
663 2509 834 2568 vaticinium
851 2507 1035 2566 versionibus
1052 2516 1082 2565 et
1099 2511 1279 2566 commenta·

179 2606 232 2664 riis
248 2605 486 2678 illustraverunt,
504 2608 712 2684 gravissimum
730 2628 875 2686 quemque
892 2617 921 2668 et
939 2626 1014 2685 quos
1028 2609 1183 2666 evolvendi
1199 2609 1279 2666 facta
1314 2615 1320 2628 '

180 2706 266 2764 nobis
290 2714 422 2781 potestas
445 2708 549 2781 fuerit,
578 2711 778 2786 appellemns3
811 2709 862 2785 qui
887 2710 1018 2784 amplum
1041 2709 1279 2787 cumulatumque

179 2807 347 2865 desiderant
364 2807 547 2884 catalogum,
572 2828 673 2867 eorum
690 2810 880 2886 praesertim,
904 2809 955 2885 qui
971 2807 1110 2866 Nahumo
1135 2809 1279 2884 interpre-

178 2907 269 2965 tando
287 2907 463 2984 singularem
483 2927 603 2985 operam
621 2920 782 2982 navarunt,
808 2910 845 2968 iis
862 2917 981 2984 praeter
998 2907 1200 2966 Onnrzovrnn
1217 2909 1278 2983 (In-

180 3007 255 3065 trod.
274 3007 299 3080 I,
318 3027 347 3083 p.
362 3011 431 3068 iss.
448 3008 504 3080 III,
519 3029 548 3086 p.
556 3013 606 3068 263
620 3029 659 3070 ss.
678 3015 727 3068 296
742 3029 780 3069 ss.
797 3013 847 3066 395
861 3011 917 3087 ss.)
935 3007 1062 3066 adeundi
1075 3015 1144 3066 sunt
1157 3008 1278 3066 Reserv-

178 3123 360 3167 nnnnnnnns
377 3107 512 3183 (Scholia
528 3110 560 3170 in
578 3110 613 3168 V.
631 3112 668 3170 T.
687 3111 760 3183 VII,
779 3132 808 3187 p.
823 3113 873 3168 245
889 3110 943 3186 ss.)
960 3116 989 3166 et
1004 3108 1126 3165 lusurus
1144 3107 1279 3183 (Nahum

179 3227 236 3267 neu
253 3208 401 3268 ubersetzt
418 3211 476 3266 und
494 3209 616 3269 erklart.
634 3231 664 3287 p.
681 3217 711 3268 12
730 3215 795 3290 ss).

228 3311 275 3368 Ao
291 3309 417 3384 primum
441 3309 559 3385 quidem
582 3321 615 3369 ut
636 3313 673 3371 de
694 3312 940 3372 versionibus
965 3308 1113 3367 veteribus
1136 3308 1279 3381 dicamus,

178 3412 405 3468 Anaxnnnnnvs
423 3410 472 3486 (de
490 3429 550 3486 qun
567 3412 619 3471 cfr.
638 3433 714 3490 qnae
736 3432 829 3488 nuper
846 3412 1061 3470 Wmnnnnsns
1085 3407 1122 3466 de
1138 3409 1280 3468 Ieremias

179 3509 313 3568 versione
331 3511 535 3569 Alexandrina
551 3531 580 3586 p.
593 3517 695 3585 4-35,
721 3522 750 3572 et
766 3513 909 3572 Tnsnrns
927 3509 1043 3570 Oomm.
1066 3510 1140 3567 iiber
1157 3510 1204 3568 die
1221 3510 1277 3568 Bb.

178 3611 230 3669 der
246 3610 326 3669 Κόη.
346 3629 375 3685 p.
388 3611 466 3667 XIII
484 3629 523 3670 ss.
542 3613 780 3691 disputaverunt)
798 3614 873 3672 adeo
890 3610 1033 3670 mendosa
1050 3617 1095 3668 est
1117 3617 1206 3686 atque
1228 3629 1279 3666 ne-

178 3711 322 3788 gligenter
339 3710 488 3783 instituta,
508 3712 559 3768 vix
577 3723 610 3770 ut
626 3714 772 3772 interdum
784 3709 1056 3788 interpretationem
1065 3709 1167 3766 iuvare
1178 3708 1279 3766 videa-

177 3820 238 3884 tur3
268 3809 453 3870 auctoritatis
474 3811 565 3887 igitur
589 3832 677 3889 quam
701 3813 855 3890 dignitatis
879 3827 985 3870 caussa
1009 3805 1128 3882 saepius
1157 3808 1278 3866 laudata

178 3921 231 3970 est.
259 3911 378 3987 Aliquis
401 3911 479 3969 forte
509 3912 654 3972 redundat
677 3933 747 3974 usus
772 3933 788 3972 c
812 3912 934 3989 reliquis
958 3907 1144 3967 versionibus
1170 3927 1277 3986 graeco

177 4031 311 4070 sermone
334 4011 500 4086 expressis,
527 4031 542 4069 e
566 4015 672 4088 quibus
690 4015 928 4073 Tnuouorronrs
951 4010 1003 4069 illa
1025 4007 1115 4067 LXX
1140 4010 1280 4087 religiose

228 4237 253 4296 1)
268 4237 321 4286 Cir.
340 4241 420 4300 Apoe.
438 4235 516 4298 XIX,
529 4249 568 4295 20.
