2954 4784
700 469 728 507 v.
746 451 772 508 3.

233 597 318 671 Quae
335 597 452 656 tandem
471 599 545 657 tanti
568 617 654 658 casus
677 617 786 658 caussa
801 599 864 658 esti
889 633 924 644 -
961 599 1039 658 Nara
1056 606 1206 661 reuertitur
1223 605 1285 663 Do-

182 701 273 756 minus
290 699 331 755 ad
346 700 428 756 demta
445 699 545 756 Iacchi
562 708 698 774 tunquam
714 701 796 758 denus
809 699 928 758 Israelis
931 720 945 768 ,·
964 703 1097 776 quoniam
1113 717 1288 764 summat

182 815 229 856 eos
245 809 423 868 evacuantes,
446 809 474 858 et
484 801 616 874 palmites
633 817 728 858 eorum
744 811 937 876 corruperant.
963 800 1048 859 Haec
1070 803 1176 876 verba,
1200 805 1286 882 gravi

180 899 374 974 interpretum
390 899 494 958 labore
510 899 653 976 insignia,
679 901 770 960 tantis
792 901 935 976 impedita
958 901 1181 964 difficultatibus
1205 905 1285 965 vide-

182 997 306 1072 bantur,
329 1007 363 1057 ut
380 1019 427 1058 ex.
445 1017 490 1077 gr.
508 998 713 1060 Kunsnnnrus
738 1001 776 1060 de
797 1001 894 1060 salute
910 1019 1015 1062 versus
1037 1002 1157 1062 omnino
1182 1005 1285 1082 despe-

182 1106 273 1157 raret.
299 1099 506 1178 „Quocunque
523 1101 649 1174 m0d0,“
667 1101 779 1179 inquit,
797 1110 980 1178 exponatur,
1004 1121 1100 1163 nexus
1116 1122 1183 1162 cum
1200 1123 1285 1181 prae·

182 1199 352 1259 cedentibus
369 1208 399 1258 et
416 1200 606 1277 sequentibus
623 1200 722 1260 nullus
738 1201 828 1278 plane
845 1210 904 1276 est,
923 1221 959 1261 ac
970 1221 1072 1275 nemo,
1090 1205 1171 1281 quod
1182 1205 1284 1279 sciam,

182 1297 240 1356 fuit
255 1297 463 1374 interpretum,
482 1300 533 1377 qui
551 1320 617 1358 eum
633 1301 829 1377 probabiliter
846 1302 1035 1378 expediret;“
1053 1303 1178 1362 evellere
1194 1305 1285 1382 igitur

182 1399 302 1458 dumeta
322 1401 489 1473 constituit,
512 1410 672 1477 praeeunte
694 1400 919 1475 Somonnuno,
949 1414 980 1461 et
1001 1403 1159 1478 genuinum
1180 1425 1284 1466 versus

180 1499 278 1557 locum
295 1508 366 1576 post
381 1501 411 1573 Ι,
431 1505 463 1559 13
480 1519 545 1560 esse
562 1503 727 1573 contendit3
753 1522 821 1560 nam
839 1502 916 1560 inter
937 1501 1138 1562 defensionem
1154 1503 1229 1565 Nini
1254 1516 1284 1565 et
1346 1508 1349 1512 ’

182 1600 434 1676 oppugnationem
461 1601 607 1661 eiusmodi
634 1602 809 1662 sententiam
837 1601 927 1679 plane
954 1602 1171 1662 intolerabilem
1209 1623 1282 1666 esse.

181 1697 280 1759 Nobis
297 1700 448 1776 explicare
463 1701 589 1776 nodum,
608 1721 697 1779 quam
716 1721 785 1762 ense
801 1702 942 1779 expedire
968 1703 1064 1764 satius
1079 1704 1210 1778 videtum
1237 1725 1282 1778 ac,

181 1801 664 1877 modoverborumpotestatesusu
677 1804 866 1862 confirmatas
879 1801 1047 1881 sequamur,
1065 1813 1094 1863 et
1107 1806 1283 1865 sententiam

181 1908 211 1959 et
227 1901 360 1960 ordinem
378 1921 437 1959 non
454 1911 557 1978 aptum
574 1903 687 1976 solum,
705 1921 806 1962 verum
820 1903 970 1981 egregium
983 1923 1048 1964 esse
1060 1923 1281 1982 cognoscemus.

231 2000 329 2077 Caput
352 2002 535 2079 quaestionis
556 2003 687 2077 positum
710 2013 755 2064 est
776 2004 807 2062 in
824 2004 916 2062 verbo
938 2019 1001 2075 πως
1026 2004 1109 2064 cuius
1130 2007 1281 2064 nunonem

180 2101 362 2177 primitivam
375 2121 440 2161 esse
452 2103 620 2176 recedendi,
634 2112 736 2162 uotum
747 2111 801 2162 est.
822 2105 865 2162 At
877 2121 980 2162 omnes
993 2103 1032 2161 ad
1042 2111 1174 2164 nostram
1187 2125 1282 2183 usque

179 2202 352 2289 memoriam
372 2203 547 2278 interpretes
570 2223 635 2264 esse
659 2205 805 2281 quaedam
827 2204 943 2262 dicendi
967 2222 1078 2280 genera
1100 2213 1281 2278 asseverant,

179 2302 287 2380 quibus
310 2321 369 2361 non
391 2303 594 2376 intransitiva,
618 2305 671 2362 sed
694 2295 851 2380 transitiva
872 2313 1005 2380 potestas
1027 2315 1095 2364 rata
1116 2305 1169 2378 sit,
1191 2305 1281 2384 idque

179 2404 310 2462 maxims
325 2403 356 2461 in
372 2403 564 2464 celeberrima
580 2405 709 2464 formula
724 2405 790 2464 illa:
810 2421 895 2470 matt
909 2421 981 2476 utut,
1001 2413 1192 2478 „convertere
1210 2425 1281 2482 cap-

179 2503 357 2563 tivitatem.“
383 2503 483 2564 Sensit
499 2505 617 2582 quidem
631 2506 924 2575 MrnnnnnonrrmS,
943 2505 969 2563 si
984 2505 1028 2564 ita
1041 2513 1132 2578 esset,
1151 2505 1281 2583 flagitari

179 2605 306 2664 formam
323 2605 443 2681 Hiphil;
461 2605 650 2666 nihilominus
666 2607 699 2664 in
716 2623 816 2664 errore
832 2605 942 2664 tradito
961 2605 1168 2680 perseveravit.
1192 2607 1282 2666 Hunc

177 2713 277 2764 autem
294 2725 430 2780 sensum,
454 2727 549 2784 aeque
573 2727 609 2766 ac
625 2715 782 2783 cognatum
804 2705 888 2764 illum
910 2706 1098 2779 restituendi,
1123 2708 1279 2767 reducendi

178 2813 232 2879 ct,
252 2815 361 2864 temere
377 2806 492 2866 illatum
509 2808 599 2866 verbo
613 2825 693 2879 esse,
712 2806 875 2865 luculenter
897 2797 1116 2865 demonstravit
1123 2806 1280 2866 Hnnosrn.

177 2906 270 2965 Bsitr.
284 2907 324 2964 11.
338 2926 368 2982 p.
379 2911 429 2964 104
442 2925 500 2979 ss,
518 2908 691 2984 praesertim
706 2928 722 2965 e
735 2908 851 2966 ratione
862 2905 941 2964 illius
954 2906 1013 2964 loci
1026 2906 1115 2964 Dent.
1128 2907 1238 2980 XXX,
1252 2912 1279 2980 3,

178 3007 231 3084 qui
253 3007 435 3084 reliquorum
458 3008 544 3084 quasi
568 3001 789 3067 fundamentum
816 3016 869 3066 est.
902 3003 958 3064 Oui
981 3005 1143 3066 novissime
1172 3007 1282 3066 obiecit

178 3105 445 3167 Scnnontunnnus
466 3126 571 3166 comm.
593 3109 623 3166 in
646 3108 711 3168 Iob.
736 3109 772 3166 ad
796 3107 898 3178 XLII,
920 3111 965 3165 10:
994 3109 1021 3185 l)
1045 3123 1088 3167 ns
1108 3125 1169 3165 non
1190 3125 1281 3184 posse

177 3207 370 3266 directionem
387 3207 445 3266 loci
457 3207 505 3266 vel
517 3208 560 3266 rei
572 3208 716 3280 indicare3
730 3208 897 3266 conferatur
910 3215 1008 3265 autem
1021 3211 1037 3264 2
1052 3205 1132 3267 Sam.
1146 3208 1217 3281 XV,
1230 3209 1277 3265 23:

178 3322 344 3369 nasama
355 3323 412 3382 ‘snt
429 3299 532 3368 *tulta
546 3320 657 3379 nonam
674 3309 705 3385 2)
720 3307 891 3384 impeditam
909 3325 974 3366 esse
999 3307 1143 3367 eiusmodi
1164 3308 1279 3367 dicendi

177 3405 339 3480 rationem,
354 3426 413 3484 qua
435 3407 557 3464 directio
581 3415 700 3466 notetur
722 3407 753 3465 in
771 3407 979 3484 cogitationem
996 3409 1222 3480 abstractivam3
1247 3416 1279 3466 at

178 3507 282 3585 quidni
295 3507 465 3584 expeditum
477 3506 626 3580 videatur,
645 3507 696 3568 ubi
713 3527 771 3566 non
783 3527 893 3566 meram
907 3508 1129 3584 cogitationem,
1148 3509 1200 3568 sed
1217 3516 1277 3568 sta-

178 3615 241 3665 tum
259 3607 438 3683 captivitatis
454 3607 617 3686 intelligere
634 3608 793 3668 debemus?
810 3642 846 3650 -
865 3607 932 3681 Quo
949 3607 1183 3683 ingeneratum
1197 3627 1277 3668 erra-

178 3716 245 3768 rent
260 3707 451 3782 interpretes,
475 3727 534 3785 quo
556 3709 674 3785 longius
696 3710 734 3768 ab
756 3709 863 3768 idoneo
881 3707 963 3766 verbi
987 3725 1077 3766 sensu
1099 3709 1277 3780 recederent,

178 3827 214 3866 eo
232 3808 327 3884 magis
343 3807 509 3867 intricatam
526 3829 629 3869 versus
641 3810 870 3885 explicationem
885 3805 1125 3882 implicaverunt,
1143 3807 1279 3867 diversae

178 3909 261 3967 verbi
274 3909 443 3968 notationes
454 3910 534 3985 apud
546 3910 659 3970 Potum
671 3911 857 3987 reperiuntur
868 3908 1016 3966 collectae.
1031 3907 1181 3967 Vertimus
1191 3927 1277 3986 ergo:

179 4009 257 4067 Nam
281 4014 481 4069 revertitur
506 4009 645 4069 Dominus
668 4013 708 4070 ad
731 4013 811 4069 decta
828 4009 928 4066 Iacchi
944 4017 978 4065 ct.
1007 4008 1072 4066 Iam
1094 4028 1164 4067 vero
1188 4029 1276 4087 quac·

179 4111 302 4168 rendum
319 4120 381 4184 est,
412 4111 483 4189 quid
501 4111 540 4170 sit
559 4126 649 4186 :spur
671 4127 743 4188 suar.
786 4125 848 4185 pau
874 4131 900 4168 a.
918 4130 947 4168 v.
977 4124 1048 4188 nas,
1077 4103 1142 4170 sese
1164 4109 1277 4181 efferre,

179 4211 365 4287 magnificum
380 4233 460 4287 esse,
475 4212 621 4288 significat
634 4212 740 4286 decus,
756 4213 941 4288 superbiam,
957 4231 1017 4270 nou
1028 4229 1111 4272 secus
1125 4232 1160 4271 ac
1177 4225 1276 4272 ausen
1367 4269 1375 4288 „
