2954 4808
169 191 216 234 xri
486 250 488 252 Ι
530 173 775 232 Pnoueoounun.
802 171 875 231 Cir.
893 172 917 229 Ι.

168 377 206 416 zu
222 357 281 416 lest
297 355 611 432 zusammengezogen,
630 354 675 412 als
693 373 724 413 es
742 355 795 412 der
812 353 879 412 Fall
896 352 959 412 sein
977 351 1104 426 Idume,
1128 373 1214 412 wana
1238 373 1270 412 er

169 475 228 515 von
245 457 333 514 ihnen
350 474 425 532 ganz
439 455 642 530 unabhiingig,
663 455 738 512 ohne
756 454 799 512 sie
812 454 929 528 gelesen
941 473 977 510 zu
994 453 1106 526 haben,
1124 455 1270 531 gesohrie-

169 557 226 615 beu
244 557 357 614 hatte.“
383 555 464 613 Nam
481 555 595 614 Iesaiae
612 573 671 612 non
689 555 803 630 primae
820 551 916 612 solum
932 553 1043 628 partis,
1063 573 1139 629 quae
1152 555 1269 626 dicitur,

167 676 270 714 verum
287 655 463 731 posterioris
482 655 570 713 etiam
587 654 645 711 loci
662 663 764 730 aperte
780 655 927 711 interdum
944 673 963 710 a
980 651 1119 711 Nahumo
1146 654 1270 712 recitan-

168 764 217 814 tur
233 755 300 831 (cfr.
317 756 396 814 infra
413 757 439 832 ᾖ.
454 757 500 834 3);
519 765 564 826 at,
590 754 615 814 si
633 774 652 811 a
668 754 840 829 parentibus
862 755 916 812 sub
935 752 1056 828 Tiglath
1072 753 1206 812 Pilesare
1223 755 1271 810 vel

168 855 395 915 Salmauassare
422 855 454 913 in
483 854 641 931 Assyriam
673 853 837 930 deportatis
867 853 898 910 in
927 853 993 910 vico
1018 852 1152 910 Alkosoh
1176 871 1270 928 prope

167 955 280 1014 Ninum
304 955 362 1013 sito
386 963 473 1014 natus
490 955 609 1025 fuisset,
636 953 801 1030 quomodo,
826 971 954 1030 quaeso,
979 951 1093 1010 Iesaiae
1116 971 1158 1011 oo.
1174 951 1216 1010 LI
1241 961 1271 1011 et

166 1055 238 1127 LII,
258 1055 307 1113 diu
324 1063 395 1130 post
407 1053 640 1114 Salmanassaris
657 1061 861 1129 tempestatem
878 1052 909 1110 in
926 1059 1039 1109 remota
1056 1051 1145 1129 longe
1157 1052 1268 1110 Iudaea

167 1155 336 1230 conscripta
352 1155 406 1212 illa
421 1155 452 1212 iu
470 1173 553 1212 suum
572 1161 742 1212 convertere
759 1172 845 1212 usum
862 1151 1026 1227 potuisset?

218 1254 302 1328 Quae
320 1273 385 1312 eum
402 1254 444 1312 ita
462 1255 535 1326 sint,
553 1254 617 1310 fieri
635 1253 753 1311 omuino
771 1272 831 1310 non
847 1271 937 1327 posse
954 1259 1096 1327 apparet,
1116 1260 1148 1310 ut
1164 1251 1268 1310 Nahu-

166 1373 247 1412 mum
265 1354 296 1411 in
309 1354 438 1431 Assyria
455 1363 556 1412 uatum
574 1353 675 1430 ibique
692 1353 883 1411 vaticinatum
902 1369 966 1410 esse
980 1352 1197 1423 existimemus,
1216 1352 1268 1410 sed

165 1453 197 1510 in
221 1452 358 1512 Galilaea
381 1455 429 1512 vel
453 1453 550 1512 ubivis
572 1453 603 1510 in
627 1471 713 1511 sacra
737 1461 816 1510 terra
846 1451 1018 1523 oriundum,
1052 1451 1268 1527 Ephraimitioo

165 1572 258 1629 regno
276 1555 425 1612 destructo
442 1553 474 1610 in
491 1553 631 1610 Iudaeam
649 1552 858 1628 commigrasse
876 1559 921 1622 et,
939 1551 1020 1628 quod
1037 1551 1195 1610 verisimile
1213 1559 1267 1623 est,

166 1652 385 1729 Hierosolymis
402 1652 579 1729 gravissimo
597 1650 778 1726 reipublicae
795 1661 927 1726 tempore
940 1651 1111 1709 vatieinium
1130 1649 1265 1710 edidisse.

217 1754 272 1812 111.
298 1753 430 1810 Fuerunt
446 1759 559 1823 autem,
583 1752 634 1828 qui
655 1759 812 1829 utmmque
833 1751 878 1809 ita
900 1750 1037 1827 coniungi
1059 1769 1148 1826 posse
1166 1749 1268 1808 existi·

166 1861 296 1924 merent,
326 1861 359 1910 ut
380 1853 516 1910 Alkoseh
539 1853 576 1908 ab
600 1851 752 1910 exsulibus
784 1851 813 1909 iu
843 1853 1015 1908 memoriam
1044 1851 1134 1926 patrii
1164 1849 1267 1926 oppidi

165 1952 299 2010 Eikoseh
321 1953 470 2010 eonditum
493 1951 655 2023 videretur,
682 1952 928 2027 quemadmodum
951 1950 1062 2010 nostris
1085 1951 1267 2026 temporibus
1334 2001 1337 2010 .

164 2071 309 2128 persaepe
325 2052 356 2110 in
374 2052 512 2112 Amerina
528 2052 639 2110 iactum
657 2059 702 2110 est
718 2053 755 2110 ab
773 2051 827 2123 iis,
851 2052 903 2128 qui
924 2051 992 2109 hino
1016 2069 1052 2108 eo
1076 2050 1267 2124 transmigra-

164 2149 284 2224 verun13
308 2153 443 2228 sepulcro
467 2161 563 2211 autem
587 2159 693 2227 postea
709 2151 840 2210 Nahumi
863 2169 968 2207 nomen
991 2149 1163 2224 impositum
1186 2167 1265 2220 esse3

165 2253 219 2311 cfr.
242 2253 434 2310 Bsnrrrounr
455 2252 535 2310 Einl.
558 2271 588 2326 p.
609 2256 684 2310 1649.
710 2255 760 2322 52,
785 2250 979 2308 Hennenses
1002 2249 1101 2306 Minor
1117 2247 1265 2324 Propliets

163 2371 194 2427 p.
207 2356 258 2411 270
271 2371 316 2424 ss3
343 2353 529 2411 Buncuauitu
545 2350 681 2409 Nineveh
697 2372 728 2427 p.
743 2353 801 2409 182.
828 2350 913 2423 Quae
930 2347 1075 2407 sententia
1091 2350 1182 2408 habet
1199 2349 1264 2426 qui·

164 2453 246 2524 dem,
266 2471 325 2528 quo
342 2452 374 2508 in
391 2452 520 2510 animum
539 2469 604 2510 sese
620 2451 770 2509 insinuare
787 2450 900 2522 valeat,
919 2450 1064 2526 siquidem
1081 2449 1179 2525 possit
1195 2438 1270 2524 pro-¹

164 2552 240 2623 bari,
265 2551 417 2610 Israelitas
432 2551 464 2610 in
480 2551 548 2610 illas
561 2551 697 2626 regiones
710 2570 814 2608 revera
825 2550 917 2610 fuisse
930 2556 1165 2625 transportatum
1184 2550 1265 2627 quod

164 2653 258 2710 donec
275 2652 448 2709 coniiciatur
464 2659 593 2722 tantum,
618 2649 710 2709 tutius
728 2669 866 2726 agemus,
890 2650 917 2708 si
934 2669 1041 2708 nomen
1058 2650 1194 2708 Alkoseh
1210 2649 1264 2707 ali·

162 2751 240 2810 unde
256 2750 463 2826 repetendum,
494 2759 524 2809 et
546 2749 677 2809 Nahumi
701 2750 866 2826 sepulcrum
895 2758 1017 2826 propter
1045 2748 1264 2808 similitudinem

164 2851 315 2910 nominum
339 2851 377 2918 ab
403 2851 504 2928 aliquo
527 2851 637 2909 Iudaeo
661 2850 708 2908 vel
731 2849 901 2908 Christiano
927 2858 1033 2924 postea
1065 2849 1264 2926 excogitatum

162 2959 308 3028 putemus.

615 3089 814 3099 ——ffl

211 3253 370 3310 Praeterea
388 3249 571 3309 deNahumi
589 3249 742 3308 vita'nihil
759 3248 829 3307 serti
848 3248 989 3308 traditum
1007 3255 1061 3308 est.
1084 3245 1117 3307 Si
1128 3249 1263 3307 Emens-

160 3369 215 3422 nio
232 3351 369 3419 habenda
385 3349 458 3410 fides
476 3357 536 3423 est,
555 3369 571 3408 e
588 3349 667 3407 tribu
684 3348 874 3410 Simeonitioa
892 3356 974 3407 ortus
992 3346 1091 3417 erat¹3
1117 3367 1193 3423 quae
1210 3366 1261 3405 au-

211 3594 237 3656 1)
256 3594 309 3643 Cfr.
327 3594 344 3642 l.
357 3593 390 3642 l.:
413 3588 444 3643 ἐκ
467 3591 555 3659 φυλῆς
576 3587 702 3658 Συμεών.
738 3591 810 3653 Quae
832 3591 924 3654 verba,
947 3605 1003 3640 oum
1022 3591 1151 3655 excipiant
1168 3604 1261 3639 nomen

159 3673 308 3744 Βηγαβιὶρ,
326 3677 359 3727 ad
375 3687 490 3726 nostram
507 3679 657 3727 memoriam
673 3692 752 3740 usque
770 3677 884 3741 plerique
902 3677 1043 3724 retulemnt
1061 3675 1094 3724 ad
1118 3677 1205 3740 oppidi
1222 3690 1262 3724 re·

159 3765 275 3829 gionem;
298 3776 364 3812 unus
382 3776 396 3810 e
412 3762 553 3822 veteribus,
576 3763 619 3824 qui
636 3762 769 3810 Erremuu
791 3768 817 3811 et
834 3761 966 3810 Donarem
988 3759 1068 3809 verba
1090 3761 1169 3808 secuti
1193 3764 1261 3820 sunt,

158 3849 275 3898 Ismenus
293 3848 457 3898 Hisrmuusrs
475 3845 554 3910 probs
572 3848 684 3910 scripsit:
711 3845 832 3908 „Nahum
855 3846 887 3894 de
906 3845 975 3894 tribu
993 3843 1098 3894 Simeon
1115 3844 1142 3892 in
1159 3842 1261 3892 Helaesi

158 3939 229 3982 trans
246 3931 380 3980 Betharim
401 3937 476 3980 natus
500 3929 548 3980 ct.“
567 3931 605 3980 At
623 3929 820 3980 Simeonitarum
844 3930 917 3979 sedes
940 3944 993 3978 non
1016 3926 1143 3978 continuis
1167 3925 1261 3974 finibus

158 4016 359 4078 eircumscn‘ptae
382 4021 469 4075 erant,
497 4014 542 4063 sed
566 4015 660 4078 passim
683 4028 730 4075 per
747 4014 858 4062 mediam
874 4012 1029 4063 Iudaeorum
1048 4011 1190 4075 portionem
1209 4009 1261 4056 dis·

158 4101 256 4164 sipatae
279 4099 410 4160 iacebant,
434 4098 479 4148 cir.
497 4097 590 4150 Genes.
608 4097 710 4158 XLIX,
730 4099 759 4160 ῖς
781 4098 833 4147 Ios.
852 4097 934 4158 XIX,
953 4099 976 4146 1.
1013 4095 1144 4144 Bucuiuur
1162 4094 1260 4143 Erdbe·

158 4183 223 4234 sehr.
241 4183 268 4244 1,
287 4186 316 4243 2,
334 4181 356 4243 ᾗ.
369 4183 427 4232 408.
