2954 4808
188 235 226 275 nx
531 216 776 274 Puonaoouanm
805 212 877 272 One.
896 213 935 272 ΙΙ.

189 417 259 475 cepa
276 417 314 456 ex
324 399 484 477 Aethiopia
502 399 657 472 oriundus,
677 417 741 456 eum
759 398 925 458 recentibus
943 396 1037 471 copiis
1055 398 1173 456 obviam
1193 399 1220 457 ei
1237 419 1289 476 ap·

190 499 403 577 propinquaret
412 501 430 560 ¹.
457 499 561 577 Captis
577 500 667 576 igitur
683 499 811 557 iudaeae
829 497 901 556 locis
918 495 1057 569 munitis,
1081 498 1242 558 Tartanem
1261 507 1290 558 et

190 600 406 672 Rabschalren,
426 619 571 659 summum
583 599 771 675 pincernam,
791 605 820 656 et
832 597 1006 668 Rabsarim,
1021 598 1185 675 prinoipem
1199 619 1289 658 euuu·

190 702 311 759 chorum
319 700 340 773 ²,
364 700 576 776 Hierosolyma
599 699 694 771 misit,
718 708 752 756 ut
769 698 947 756 deditionem
966 696 1289 774 urbisexposcerent³3

191 801 258 879 qui,
278 819 342 858 cum
355 800 480 859 Hiskias
497 801 588 858 verbo
606 799 706 857 divino
724 818 777 875 per
789 797 916 857 Iesaiam
937 797 1018 854 facto
1041 800 1290 858 commonefactus

191 907 361 960 constanter
383 908 535 978 negasset,
562 899 601 958 ad
618 897 812 958 Sanheribum
836 897 961 969 reversi,
984 896 1110 956 Libnam
1136 899 1195 957 iam
1219 918 1289 975 pro·

190 1001 299 1059 fectum
316 1001 497 1059 invenerunt.
529 999 596 1058 Rex
613 997 825 1076 Hierosolyma
848 1016 951 1058 versus
973 1005 1072 1057 castra
1089 998 1191 1058 movit.
1225 999 1288 1056 lam

190 1101 282 1177 igitur
299 1102 337 1159 ad
355 1119 499 1160 summum
521 1100 678 1159 discrimen
705 1099 804 1158 omnia
825 1099 955 1174 undique
977 1100 1151 1174 vergebant:
1176 1099 1290 1157 Iudaici

191 1202 274 1278 regni
298 1208 447 1259 extremus
471 1200 531 1259 iam
555 1200 618 1260 dies
641 1200 703 1258 sine
726 1199 788 1258 ulla
812 1199 995 1257 dubitatione
1011 1199 1156 1257 humanae
1181 1199 1290 1258 rationi

192 1301 346 1360 videbatur
358 1300 488 1360 venisse:
503 1309 591 1376 capta
603 1301 691 1372 urhe,
710 1299 830 1376 Assyrii
844 1298 954 1374 ingenti
967 1299 1132 1374 praesidio,
1151 1307 1216 1357 tota
1227 1299 1290 1356 fere

191 1401 283 1474 Asia,
308 1401 469 1474 sublevati,
497 1402 574 1459 haud
592 1399 685 1458 multo
702 1399 804 1458 labore
823 1398 956 1456 Africam
973 1417 1092 1475 quoque
1114 1399 1214 1476 gladio
1237 1418 1289 1457 ex·

191 1501 292 1577 pedire
308 1519 398 1577 posse
410 1502 534 1576 putandi
547 1509 631 1559 erant
647 1533 683 1542 -
701 1508 734 1558 at
745 1499 892 1558 Dominus
904 1500 989 1558 aliter
1002 1499 1202 1558 constituerat.
1220 1499 1290 1558 Una

191 1609 277 1662 nocte
293 1601 453 1660 maximam
477 1601 613 1662 immensi
634 1602 780 1660 exercitus
807 1607 922 1676 partem
939 1599 982 1659 ita
998 1599 1139 1676 perculit,
1157 1608 1204 1674 ut,
1230 1618 1289 1676 quo

190 1701 333 1779 reliquias
351 1709 498 1773 servaret,
517 1702 611 1760 effusa
627 1701 699 1777 fuga
716 1702 834 1759 domum
853 1701 961 1760 rediret
977 1719 1079 1774 mene,
1098 1700 1149 1778 qui
1169 1719 1290 1777 vespere

190 1800 280 1860 etiam
297 1801 379 1860 orbis
396 1809 541 1859 terrarum
558 1801 695 1860 dominus
713 1821 778 1860 esse
794 1801 979 1861 videbatur⁴.

241 1900 363 1962 Summa
385 1901 441 1959 hac
465 1901 697 1977 omnipotentiae
720 1901 837 1960 divinae
852 1907 853 1910 ’
869 1899 1108 1961 manifestatione
1129 1901 1249 1977 Assyrii
1272 1919 1290 1959 a

189 2002 310 2080 fastigio
334 2001 447 2078 gloriae
470 2009 499 2061 et
515 2000 672 2077 potestatis
695 2001 793 2061 subito
812 2001 915 2061 deiecti
938 2010 1014 2062 sunt.
1041 2001 1102 2059 Vix
1120 2001 1196 2059 enim
1214 2003 1290 2060 hanc

189 2110 363 2180 acceperant
376 2103 505 2172 cladem,
524 2121 590 2162 cum
601 2102 698 2160 Medi⁵
715 2103 886 2175 deficerent,
905 2121 1015 2178 eosque
1026 2101 1187 2180 Babylonii
1200 2102 1290 2160 aliae·

187 2304 310 2356 inflictam
334 2319 404 2366 esse,
427 2319 485 2355 cum
507 2305 636 2356 Tirrhaka
657 2321 714 2355 cum
736 2306 847 2367 maiore,
870 2312 898 2355 ut
922 2305 1036 2366 videtur,
1061 2306 1173 2380 exercitu
1197 2319 1288 2370 appro-

187 2391 330 2452 pinquaret.

240 2475 265 2535 l)
281 2472 334 2522 Cfr.
353 2471 439 2535 2Reg.
457 2472 538 2534 XIX,
556 2473 580 2522 9.

239 2556 266 2617 e)
283 2557 324 2606 ue
340 2556 422 2605 tubus
439 2537 654 2607 munesbninn
671 2557 716 2606 err.
733 2557 796 2607 Bon.
809 2559 826 2607 1.
840 2559 856 2609 1.
869 2574 893 2623 p.
905 2559 963 2610 149.
976 2559 1172 2610 litlanton
1185 2557 1234 2609 aas
1246 2558 1288 2607 an.

239 2639 266 2700 3)
284 2637 341 2701 Quo
358 2640 536 2702 loco-Assyrii
554 2648 639 2691 castra
656 2649 807 2705 posuerunt,
826 2648 886 2691 ante
903 2643 1129 2707 septentrionalem
1142 2643 1212 2691 urbis
1231 2656 1288 2705 par-

189 2731 256 2799 ¹tem,
274 2722 341 2787 apud
365 2728 482 2786 stagnum
497 2725 625 2788 superius,
644 2725 713 2774 unde
729 2726 789 2776 urbs
807 2729 950 2791 impugnari
969 2733 1077 2791 poterat,
1096 2728 1216 2790 quonium
1234 2731 1288 2774 arte

167 2809 225 2872 ,ibi
248 2807 348 2856 facilius
369 2812 469 2855 tantum
491 2821 538 2857 nec
560 2814 652 2857 natura
675 2813 773 2859 munita
790 2823 846 2859 erat
863 2837 896 2846 -
914 2813 937 2860 ei
953 2812 1055 2860 Iosnem
1077 2813 1154 2860 etiam
1173 2817 1287 2873 tempore

188 2905 282 2942 nomeu
304 2896 373 2941 erat:
396 2897 482 2940 castra
499 2891 665 2954 Assyriorum
684 2891 853 2961 (παρεμβολὴ
872 2895 928 2944 τῶν
943 2891 1103 2958 Ἀσσυρίων)
1125 2896 1170 2945 cfr.
1188 2894 1289 2944 Iosnrm

187 2977 221 3026 de
238 2975 269 3026 Β.
281 2975 304 3025 Ι.
321 2976 355 3036 V,
368 2976 398 3037 7,
411 2977 440 3037 23
457 2975 491 3035 V,
505 2977 549 3036 12,
562 2978 586 3024 2.
603 2976 648 3025 cfr.
668 2977 710 3026 W.
723 2977 826 3026 Kntrsr
838 2979 1018 3042 Topogruphie
1035 2979 1143 3028 Ierusal.
1161 2995 1185 3042 p.
1199 2979 1257 3030 139.

239 3061 266 3124 4)
282 3060 371 3111 Rauen.
390 3057 459 3108 Outl.
476 3073 500 3123 p.
513 3059 662 3110 XXXVII:
684 3061 755 3122 ,The
773 3069 860 3112 events
878 3063 909 3112 of
922 3064 966 3112 the
991 3063 1076 3112 fourth
1094 3076 1156 3125 year
1178 3061 1209 3111 of
1224 3060 1288 3111 Seu·

188 3143 308 3194 naeherib
326 3147 428 3208 present
445 3156 462 3191 a
478 3143 609 3191 marked
626 3149 775 3194 contrast
793 3152 819 3195 to
837 3146 880 3195 the
898 3147 1010 3196 detailed
1027 3146 1078 3196 end
1095 3146 1288 3210 magniloquam

188 3229 356 3291 descriptions
369 3228 399 3276 ot
413 3227 456 3275 the
473 3226 610 3292 preceding
625 3229 741 3292 periods3
761 3229 821 3293 they
838 3243 882 3279 are
900 3230 1017 3280 confined
1034 3237 1062 3280 to
1082 3231 1165 3281 afew
1185 3243 1287 3295 meagre

188 3314 267 3373 lines,
288 3310 339 3360 and
356 3310 424 3360 refer
441 3311 597 3372 exclusively
614 3318 640 3360 to
659 3327 692 3361 au
710 3314 857 3377 expedition
871 3317 973 3378 against
984 3314 1028 3364 the
1043 3314 1220 3364 Chaldees“
1240 3320 1287 3374 ct.3

187 3399 401 3446 commemoratur
410 3399 557 3455 praeterea,
569 3395 637 3456 qnod
649 3395 877 3446 Merodachum
889 3398 1106 3459 Balnearum,
1119 3413 1194 3462 quem
1206 3399 1287 3462 primo

187 3479 285 3528 dudum
296 3490 365 3527 anno
377 3476 543 3538 debellasset,
559 3479 651 3528 iterum
669 3481 837 3544 subiugasset.
856 3509 888 3519 —
907 3483 1027 3532 Ceterum
1039 3484 1065 3532 in
1078 3483 1223 3532 enarranda
1240 3481 1287 3531 hac

187 3563 271 3628 quarti
295 3562 355 3610 anni
376 3561 538 3624 expeditione
560 3578 640 3627 genus
664 3565 793 3628 quoddam
824 3566 925 3616 dicendi
954 3569 1098 3630 invenitur,
1126 3567 1196 3631 quod
1225 3567 1287 3615 satis

186 3660 340 3713 magnopere
357 3645 549 3698 similitudinem
566 3649 645 3698 refert
662 3665 701 3698 vv.
711 3649 779 3700 Nah.
792 3650 848 3712 111,
861 3653 892 3700 17
900 3671 906 3700 :
926 3651 987 3715 ,My
1000 3658 1088 3717 troops
1101 3649 1213 3716 pursued
1224 3650 1287 3711 him,

185 3731 231 3781 but
247 3732 280 3780 he
299 3728 366 3779 tieud
383 3743 468 3794 away,
486 3731 538 3782 aad
554 3732 594 3782 his
613 3734 683 3797 place
703 3748 757 3782 was
775 3740 820 3784 not
838 3734 948 3796 found,“
969 3735 1013 3784 cfr.
1033 3745 1104 3793 νη)
1127 3722 1179 3793 ruht
1204 3742 1285 3792 'mm

187 3822 292 3881 inlitu.
763 3833 765 3837 ’

237 3898 262 3961 5)
279 3899 320 3948 De
337 3903 452 3964 tempore
469 3915 520 3964 quo
531 3903 618 3952 Medi
637 3902 833 3963 defecerint,
854 3919 892 3952 vv.
906 3905 949 3954 dd.
962 3906 1104 3954 sententiae
1116 3907 1178 3954 satis
1191 3903 1285 3953 discre-

186 3988 262 4047 pant3
281 3981 313 4030 ab
326 3982 384 4032 aliis
396 3987 529 4048 statuitur,
548 4002 571 4036 a
585 3989 633 4038 753
643 3989 705 4037 illud
717 3988 853 4047 accidisse,
871 4003 886 4036 e
903 3991 993 4051 quibus
1003 3991 1165 4039 nominamus
1174 3988 1286 4036 Nissen·

185 4081 251 4128 arun,
269 4067 430 4131 maximeque
443 4068 598 4121 Banumsrun
610 4074 653 4134 qui
664 4074 802 4123 novissime
820 4071 886 4122 hanc
905 4074 1050 4137 opinionem
1069 4078 1186 4130 accurate
1198 4070 1286 4119 defen·

186 4153 224 4202 dit
231 4170 238 4215 ς
262 4152 319 4201 aliis
341 4158 399 4215 post
422 4153 520 4204 cladem
543 4153 693 4219 Sanheribi,
718 4172 741 4207 a.
761 4157 810 4206 714
827 4156 921 4206 factum
940 4171 995 4207 esse
1009 4157 1119 4218 videtur,
1137 4157 1204 4204 inter
1221 4166 1285 4217 quos

184 4248 358 4299 nuncupamus
380 4233 531 4299 Vrmmuan,
556 4239 728 4302 Hurrsmrun,
752 4242 913 4292 Duucuaaun.
954 4243 993 4292 Ac
1016 4239 1091 4289 nobis
1114 4239 1217 4302 quidem
1239 4237 1287 4286 hoc

1451 171 1461 391 l
