<?xml version="1.0" encoding="UTF-8"?>
<!DOCTYPE html PUBLIC "-//W3C//DTD XHTML 1.0 Transitional//EN"
    "http://www.w3.org/TR/xhtml1/DTD/xhtml1-transitional.dtd">
<html xmlns="http://www.w3.org/1999/xhtml" xml:lang="en" lang="en">
 <head>
  <title>
</title>
<meta http-equiv="Content-Type" content="text/html;charset=utf-8" />
  <meta name='ocr-system' content='tesseract 3.04.00' />
  <meta name='ocr-capabilities' content='ocr_page ocr_carea ocr_par ocr_line ocrx_word'/>
</head>
<body>
  <div class='ocr_page' id='page_1' title='image "./nahumideninovat01stragoog/nahumideninovat01stragoog_0103.png"; bbox 0 0 2954 4808; ppageno 0'>
   <div class='ocr_carea' id='block_1_1' title="bbox 194 233 854 312">
    <p class='ocr_par' dir='ltr' id='par_1_1' title="bbox 194 233 854 312">
     <span class='ocr_line' id='line_1_1' title="bbox 194 233 854 312; baseline -0.014 -8"><span class='ocrx_word' id='word_1_1' title='bbox 194 233 239 304; x_wconf 83' lang='lat'>14</span> <span class='ocrx_word' id='word_1_2' title='bbox 632 238 705 299; x_wconf 73' lang='lat' dir='ltr'>Cle.</span> <span class='ocrx_word' id='word_1_3' title='bbox 720 239 750 312; x_wconf 82' lang='lat'>1,</span> <span class='ocrx_word' id='word_1_4' title='bbox 774 243 854 295; x_wconf 75' lang='lat' dir='ltr'>t-t.</span> 
     </span>
    </p>
   </div>
   <div class='ocr_carea' id='block_1_2' title="bbox 133 419 1296 4324">
    <p class='ocr_par' dir='ltr' id='par_1_2' title="bbox 133 419 1296 4324">
     <span class='ocr_line' id='line_1_2' title="bbox 190 419 1294 500; baseline -0.001 -18"><span class='ocrx_word' id='word_1_5' title='bbox 190 432 308 500; x_wconf 89' lang='lat' dir='ltr'>pretum</span> <span class='ocrx_word' id='word_1_6' title='bbox 326 423 383 480; x_wconf 90' lang='lat' dir='ltr'>hoc</span> <span class='ocrx_word' id='word_1_7' title='bbox 406 423 438 480; x_wconf 93' lang='lat' dir='ltr'>in</span> <span class='ocrx_word' id='word_1_8' title='bbox 456 439 563 500; x_wconf 88' lang='lat' dir='ltr'>genere</span> <span class='ocrx_word' id='word_1_9' title='bbox 579 422 742 482; x_wconf 83' lang='lat' dir='ltr'>sententiae</span> <span class='ocrx_word' id='word_1_10' title='bbox 759 421 954 499; x_wconf 88' lang='lat' dir='ltr'>reperiuntur.</span> <span class='ocrx_word' id='word_1_11' title='bbox 991 423 1020 498; x_wconf 94' lang='lat' dir='ltr'>l)</span> <span class='ocrx_word' id='word_1_12' title='bbox 1038 420 1140 480; x_wconf 90' lang='lat' dir='ltr'>Primo</span> <span class='ocrx_word' id='word_1_13' title='bbox 1157 419 1224 480; x_wconf 83' lang='lat' dir='ltr'>loco</span> <span class='ocrx_word' id='word_1_14' title='bbox 1242 437 1294 481; x_wconf 90' lang='lat' dir='ltr'>eos</span> 
     </span>
     <span class='ocr_line' id='line_1_3' title="bbox 191 521 1294 600; baseline -0.002 -18"><span class='ocrx_word' id='word_1_15' title='bbox 191 524 392 600; x_wconf 79' lang='lat' dir='ltr'>appellamus,</span> <span class='ocrx_word' id='word_1_16' title='bbox 412 525 463 600; x_wconf 92' lang='lat' dir='ltr'>qui</span> <span class='ocrx_word' id='word_1_17' title='bbox 480 521 601 600; x_wconf 82' lang='lat' dir='ltr'><strong>proprie</strong></span> <span class='ocrx_word' id='word_1_18' title='bbox 618 523 697 581; x_wconf 90' lang='lat' dir='ltr'>dicta</span> <span class='ocrx_word' id='word_1_19' title='bbox 713 522 858 582; x_wconf 87' lang='lat' dir='ltr'>eiusmodi</span> <span class='ocrx_word' id='word_1_20' title='bbox 876 530 904 581; x_wconf 88' lang='lat' dir='ltr'>et</span> <span class='ocrx_word' id='word_1_21' title='bbox 920 522 1094 581; x_wconf 84' lang='lat' dir='ltr'>adverbum</span> <span class='ocrx_word' id='word_1_22' title='bbox 1111 522 1211 581; x_wconf 86' lang='lat' dir='ltr'>omnia</span> <span class='ocrx_word' id='word_1_23' title='bbox 1228 541 1294 580; x_wconf 88' lang='lat' dir='ltr'>eve·</span> 
     </span>
     <span class='ocr_line' id='line_1_4' title="bbox 191 623 1294 698; baseline -0.002 -16"><span class='ocrx_word' id='word_1_24' title='bbox 191 625 255 682; x_wconf 88' lang='lat' dir='ltr'>nire</span> <span class='ocrx_word' id='word_1_25' title='bbox 272 623 450 684; x_wconf 79' lang='lat' dir='ltr'><strong>existiment.</strong></span> <span class='ocrx_word' id='word_1_26' title='bbox 487 623 571 698; x_wconf 81' lang='lat' dir='ltr'>Quae</span> <span class='ocrx_word' id='word_1_27' title='bbox 588 623 733 682; x_wconf 85' lang='lat' dir='ltr'>sententia</span> <span class='ocrx_word' id='word_1_28' title='bbox 758 632 788 682; x_wconf 90' lang='lat' dir='ltr'>et</span> <span class='ocrx_word' id='word_1_29' title='bbox 808 623 942 682; x_wconf 86' lang='lat' dir='ltr'>veritatis</span> <span class='ocrx_word' id='word_1_30' title='bbox 959 623 1041 681; x_wconf 92' lang='lat' dir='ltr'>verbi</span> <span class='ocrx_word' id='word_1_31' title='bbox 1064 623 1157 681; x_wconf 89' lang='lat' dir='ltr'>divini</span> <span class='ocrx_word' id='word_1_32' title='bbox 1180 631 1294 682; x_wconf 87' lang='lat' dir='ltr'>susten-</span> 
     </span>
     <span class='ocr_line' id='line_1_5' title="bbox 189 721 1293 798; baseline 0 -16"><span class='ocrx_word' id='word_1_33' title='bbox 189 725 299 783; x_wconf 82' lang='lat' dir='ltr'>tandae</span> <span class='ocrx_word' id='word_1_34' title='bbox 316 725 430 798; x_wconf 87' lang='lat' dir='ltr'>studio,</span> <span class='ocrx_word' id='word_1_35' title='bbox 449 735 478 782; x_wconf 89' lang='lat' dir='ltr'>et</span> <span class='ocrx_word' id='word_1_36' title='bbox 493 724 594 782; x_wconf 87' lang='lat' dir='ltr'>indole</span> <span class='ocrx_word' id='word_1_37' title='bbox 611 721 648 782; x_wconf 79' lang='lat' dir='ltr'>V.</span> <span class='ocrx_word' id='word_1_38' title='bbox 662 723 710 782; x_wconf 90' lang='lat' dir='ltr'>Ti.</span> <span class='ocrx_word' id='word_1_39' title='bbox 729 733 759 782; x_wconf 89' lang='lat' dir='ltr'>et</span> <span class='ocrx_word' id='word_1_40' title='bbox 775 724 891 782; x_wconf 89' lang='lat' dir='ltr'>ratione</span> <span class='ocrx_word' id='word_1_41' title='bbox 906 724 1046 783; x_wconf 86' lang='lat' dir='ltr'>universa</span> <span class='ocrx_word' id='word_1_42' title='bbox 1062 724 1293 782; x_wconf 86' lang='lat' dir='ltr'>commendatur.</span> 
     </span>
     <span class='ocr_line' id='line_1_6' title="bbox 190 823 1294 901; baseline -0.001 -18"><span class='ocrx_word' id='word_1_43' title='bbox 190 826 248 884; x_wconf 81' lang='lat' dir='ltr'>Est</span> <span class='ocrx_word' id='word_1_44' title='bbox 270 825 399 883; x_wconf 90' lang='lat' dir='ltr'>enimin</span> <span class='ocrx_word' id='word_1_45' title='bbox 420 825 557 884; x_wconf 89' lang='lat' dir='ltr'>omnibus</span> <span class='ocrx_word' id='word_1_46' title='bbox 574 833 676 883; x_wconf 87' lang='lat' dir='ltr'>vatum</span> <span class='ocrx_word' id='word_1_47' title='bbox 698 843 850 884; x_wconf 84' lang='lat' dir='ltr'>saerorum</span> <span class='ocrx_word' id='word_1_48' title='bbox 875 823 1003 883; x_wconf 85' lang='lat' dir='ltr'>oraculis</span> <span class='ocrx_word' id='word_1_49' title='bbox 1024 824 1051 882; x_wconf 80' lang='lat' dir='ltr'>Is</span> <span class='ocrx_word' id='word_1_50' title='bbox 1069 824 1155 901; x_wconf 84' lang='lat' dir='ltr'>quusi</span> <span class='ocrx_word' id='word_1_51' title='bbox 1180 823 1294 882; x_wconf 90' lang='lat' dir='ltr'>medius</span> 
     </span>
     <span class='ocr_line' id='line_1_7' title="bbox 189 924 1295 1002; baseline -0.001 -19"><span class='ocrx_word' id='word_1_52' title='bbox 189 926 241 984; x_wconf 93' lang='lat' dir='ltr'>ille</span> <span class='ocrx_word' id='word_1_53' title='bbox 263 925 362 998; x_wconf 85' lang='lat' dir='ltr'>locus,</span> <span class='ocrx_word' id='word_1_54' title='bbox 392 943 452 1002; x_wconf 90' lang='lat' dir='ltr'>quo</span> <span class='ocrx_word' id='word_1_55' title='bbox 476 926 576 984; x_wconf 85' lang='lat' dir='ltr'>omnin</span> <span class='ocrx_word' id='word_1_56' title='bbox 597 925 754 1002; x_wconf 86' lang='lat' dir='ltr'>rapiuntur</span> <span class='ocrx_word' id='word_1_57' title='bbox 781 931 811 982; x_wconf 89' lang='lat' dir='ltr'>et</span> <span class='ocrx_word' id='word_1_58' title='bbox 832 932 992 1001; x_wconf 73' lang='lat' dir='ltr'>eogurntur,</span> <span class='ocrx_word' id='word_1_59' title='bbox 1014 933 1049 983; x_wconf 91' lang='lat' dir='ltr'>ut</span> <span class='ocrx_word' id='word_1_60' title='bbox 1070 924 1244 984; x_wconf 76' lang='lat' dir='ltr'>absolvatur</span> <span class='ocrx_word' id='word_1_61' title='bbox 1265 938 1295 982; x_wconf 87' lang='lat' dir='ltr'>et</span> 
     </span>
     <span class='ocr_line' id='line_1_8' title="bbox 191 1005 1294 1104; baseline -0.004 -18"><span class='ocrx_word' id='word_1_62' title='bbox 191 1027 356 1086; x_wconf 80' lang='lat' dir='ltr'>cumuletur</span> <span class='ocrx_word' id='word_1_63' title='bbox 377 1045 500 1104; x_wconf 81' lang='lat' dir='ltr'>regnum</span> <span class='ocrx_word' id='word_1_64' title='bbox 522 1025 666 1098; x_wconf 84' lang='lat' dir='ltr'>divinum3</span> <span class='ocrx_word' id='word_1_65' title='bbox 698 1026 730 1084; x_wconf 95' lang='lat' dir='ltr'>id</span> <span class='ocrx_word' id='word_1_66' title='bbox 759 1025 839 1102; x_wconf 90' lang='lat' dir='ltr'>quod</span> <span class='ocrx_word' id='word_1_67' title='bbox 863 1025 927 1083; x_wconf 86' lang='lat' dir='ltr'>fieri</span> <span class='ocrx_word' id='word_1_68' title='bbox 957 1043 1017 1082; x_wconf 88' lang='lat' dir='ltr'>uon</span> <span class='ocrx_word' id='word_1_69' title='bbox 1035 1005 1139 1101; x_wconf 82' lang='lat' dir='ltr'>potest</span> <span class='ocrx_word' id='word_1_70' title='bbox 1161 1024 1218 1085; x_wconf 90' lang='lat' dir='ltr'>uisi</span> <span class='ocrx_word' id='word_1_71' title='bbox 1241 1043 1294 1083; x_wconf 87' lang='lat' dir='ltr'>ex-</span> 
     </span>
     <span class='ocr_line' id='line_1_9' title="bbox 191 1124 1293 1203; baseline -0.005 -16"><span class='ocrx_word' id='word_1_72' title='bbox 191 1127 300 1188; x_wconf 88' lang='lat' dir='ltr'>stincto</span> <span class='ocrx_word' id='word_1_73' title='bbox 323 1135 412 1185; x_wconf 88' lang='lat' dir='ltr'>autea</span> <span class='ocrx_word' id='word_1_74' title='bbox 434 1135 571 1203; x_wconf 88' lang='lat' dir='ltr'>peccato,</span> <span class='ocrx_word' id='word_1_75' title='bbox 602 1135 632 1184; x_wconf 89' lang='lat' dir='ltr'>et</span> <span class='ocrx_word' id='word_1_76' title='bbox 653 1133 813 1202; x_wconf 85' lang='lat' dir='ltr'>praeeunte</span> <span class='ocrx_word' id='word_1_77' title='bbox 835 1124 953 1185; x_wconf 90' lang='lat' dir='ltr'>iudicio.</span> <span class='ocrx_word' id='word_1_78' title='bbox 999 1125 1172 1184; x_wconf 85' lang='lat' dir='ltr'>Offeruutur</span> <span class='ocrx_word' id='word_1_79' title='bbox 1196 1131 1293 1184; x_wconf 87' lang='lat' dir='ltr'>autem</span> 
     </span>
     <span class='ocr_line' id='line_1_10' title="bbox 192 1225 1294 1304; baseline -0.001 -19"><span class='ocrx_word' id='word_1_80' title='bbox 192 1225 404 1304; x_wconf 86' lang='lat' dir='ltr'>prophetarum</span> <span class='ocrx_word' id='word_1_81' title='bbox 427 1227 520 1286; x_wconf 85' lang='lat' dir='ltr'>oculis</span> <span class='ocrx_word' id='word_1_82' title='bbox 537 1229 602 1286; x_wconf 86' lang='lat' dir='ltr'>viso</span> <span class='ocrx_word' id='word_1_83' title='bbox 626 1227 742 1285; x_wconf 83' lang='lat' dir='ltr'>ratione</span> <span class='ocrx_word' id='word_1_84' title='bbox 766 1245 818 1299; x_wconf 87' lang='lat' dir='ltr'>ee,</span> <span class='ocrx_word' id='word_1_85' title='bbox 842 1245 931 1303; x_wconf 84' lang='lat' dir='ltr'>quam</span> <span class='ocrx_word' id='word_1_86' title='bbox 954 1233 1016 1284; x_wconf 89' lang='lat' dir='ltr'>tum</span> <span class='ocrx_word' id='word_1_87' title='bbox 1038 1227 1294 1302; x_wconf 86' lang='lat' dir='ltr'>complexo-apo·</span> 
     </span>
     <span class='ocr_line' id='line_1_11' title="bbox 190 1325 1293 1404; baseline -0.002 -18"><span class='ocrx_word' id='word_1_88' title='bbox 190 1327 403 1386; x_wconf 85' lang='lat' dir='ltr'>telesmatieam</span> <span class='ocrx_word' id='word_1_89' title='bbox 420 1328 520 1386; x_wconf 88' lang='lat' dir='ltr'>dicunt</span> <span class='ocrx_word' id='word_1_90' title='bbox 531 1325 597 1403; x_wconf 86' lang='lat' dir='ltr'>(cfr.</span> <span class='ocrx_word' id='word_1_91' title='bbox 609 1325 665 1386; x_wconf 82' lang='lat' dir='ltr'>On.</span> <span class='ocrx_word' id='word_1_92' title='bbox 676 1327 715 1386; x_wconf 81' lang='lat' dir='ltr'>A.</span> <span class='ocrx_word' id='word_1_93' title='bbox 724 1325 833 1385; x_wconf 75' lang='lat' dir='ltr'>Orusn</span> <span class='ocrx_word' id='word_1_94' title='bbox 844 1326 986 1403; x_wconf 89' lang='lat' dir='ltr'><strong>hypomn.</strong></span> <span class='ocrx_word' id='word_1_95' title='bbox 1000 1326 1089 1404; x_wconf 76' lang='lat'><strong>§1643</strong></span> <span class='ocrx_word' id='word_1_96' title='bbox 1106 1327 1293 1386; x_wconf 82' lang='lat' dir='ltr'>Dnmrzscn.</span> 
     </span>
     <span class='ocr_line' id='line_1_12' title="bbox 191 1425 1293 1506; baseline -0.003 -19"><span class='ocrx_word' id='word_1_97' title='bbox 191 1427 315 1487; x_wconf 83' lang='lat' dir='ltr'>Habalr.</span> <span class='ocrx_word' id='word_1_98' title='bbox 333 1446 363 1503; x_wconf 88' lang='lat' dir='ltr'>p.</span> <span class='ocrx_word' id='word_1_99' title='bbox 377 1433 426 1487; x_wconf 84' lang='grc'>139</span> <span class='ocrx_word' id='word_1_100' title='bbox 439 1430 510 1506; x_wconf 82' lang='lat' dir='ltr'>ss),</span> <span class='ocrx_word' id='word_1_101' title='bbox 533 1436 595 1486; x_wconf 91' lang='lat' dir='ltr'>tum</span> <span class='ocrx_word' id='word_1_102' title='bbox 618 1428 835 1504; x_wconf 81' lang='lat' dir='ltr'>perspectivam</span> <span class='ocrx_word' id='word_1_103' title='bbox 852 1426 919 1503; x_wconf 84' lang='lat' dir='ltr'>(osr.</span> <span class='ocrx_word' id='word_1_104' title='bbox 938 1427 1094 1486; x_wconf 78' lang='lat' dir='ltr'>Hunosrn.</span> <span class='ocrx_word' id='word_1_105' title='bbox 1113 1425 1254 1486; x_wconf 84' lang='lat' dir='ltr'>Christol.</span> <span class='ocrx_word' id='word_1_106' title='bbox 1267 1427 1293 1500; x_wconf 90' lang='lat' dir='ltr'>I,</span> 
     </span>
     <span class='ocr_line' id='line_1_13' title="bbox 193 1527 1296 1605; baseline -0.002 -17"><span class='ocrx_word' id='word_1_107' title='bbox 193 1536 223 1603; x_wconf 89' lang='lat'>1,</span> <span class='ocrx_word' id='word_1_108' title='bbox 247 1533 298 1588; x_wconf 83' lang='lat'>305</span> <span class='ocrx_word' id='word_1_109' title='bbox 312 1547 370 1601; x_wconf 87' lang='lat' dir='ltr'>ss.;</span> <span class='ocrx_word' id='word_1_110' title='bbox 398 1529 562 1596; x_wconf 76' lang='lat' dir='ltr'>Hanvnmr.</span> <span class='ocrx_word' id='word_1_111' title='bbox 585 1529 665 1586; x_wconf 88' lang='lat' dir='ltr'>Einl.</span> <span class='ocrx_word' id='word_1_112' title='bbox 678 1528 723 1601; x_wconf 85' lang='lat'>11,</span> <span class='ocrx_word' id='word_1_113' title='bbox 747 1533 778 1601; x_wconf 78' lang='lat'>2,</span> <span class='ocrx_word' id='word_1_114' title='bbox 802 1529 915 1605; x_wconf 71' lang='lat' dir='ltr'>less).</span> <span class='ocrx_word' id='word_1_115' title='bbox 951 1527 1019 1602; x_wconf 86' lang='lat' dir='ltr'>Qua</span> <span class='ocrx_word' id='word_1_116' title='bbox 1042 1529 1093 1601; x_wconf 89' lang='lat' dir='ltr'>fit,</span> <span class='ocrx_word' id='word_1_117' title='bbox 1122 1536 1155 1586; x_wconf 92' lang='lat' dir='ltr'>ut</span> <span class='ocrx_word' id='word_1_118' title='bbox 1176 1528 1296 1605; x_wconf 88' lang='lat' dir='ltr'>singula</span> 
     </span>
     <span class='ocr_line' id='line_1_14' title="bbox 190 1627 1294 1705; baseline -0.001 -17"><span class='ocrx_word' id='word_1_119' title='bbox 190 1630 300 1688; x_wconf 89' lang='lat' dir='ltr'>iudicia</span> <span class='ocrx_word' id='word_1_120' title='bbox 323 1630 359 1687; x_wconf 92' lang='lat' dir='ltr'>de</span> <span class='ocrx_word' id='word_1_121' title='bbox 381 1630 506 1705; x_wconf 89' lang='lat' dir='ltr'>singulis</span> <span class='ocrx_word' id='word_1_122' title='bbox 531 1630 673 1688; x_wconf 90' lang='lat' dir='ltr'>sumenda</span> <span class='ocrx_word' id='word_1_123' title='bbox 695 1627 831 1705; x_wconf 87' lang='lat' dir='ltr'>gentibus</span> <span class='ocrx_word' id='word_1_124' title='bbox 853 1643 1026 1705; x_wconf 87' lang='lat' dir='ltr'>expressam</span> <span class='ocrx_word' id='word_1_125' title='bbox 1043 1628 1168 1687; x_wconf 87' lang='lat' dir='ltr'>extremi</span> <span class='ocrx_word' id='word_1_126' title='bbox 1190 1636 1220 1687; x_wconf 93' lang='lat' dir='ltr'>et</span> <span class='ocrx_word' id='word_1_127' title='bbox 1241 1629 1294 1687; x_wconf 84' lang='lat' dir='ltr'>ab·</span> 
     </span>
     <span class='ocr_line' id='line_1_15' title="bbox 191 1727 1293 1806; baseline -0.003 -16"><span class='ocrx_word' id='word_1_128' title='bbox 191 1731 283 1790; x_wconf 86' lang='lat' dir='ltr'>soluti</span> <span class='ocrx_word' id='word_1_129' title='bbox 304 1730 404 1788; x_wconf 88' lang='lat' dir='ltr'>iudicii</span> <span class='ocrx_word' id='word_1_130' title='bbox 426 1730 555 1787; x_wconf 89' lang='lat' dir='ltr'>referant</span> <span class='ocrx_word' id='word_1_131' title='bbox 575 1729 742 1805; x_wconf 83' lang='lat' dir='ltr'>imaginem.</span> <span class='ocrx_word' id='word_1_132' title='bbox 760 1763 797 1775; x_wconf 83' lang='lat'>-</span> <span class='ocrx_word' id='word_1_133' title='bbox 832 1729 916 1804; x_wconf 73' lang='lat' dir='ltr'>Quae</span> <span class='ocrx_word' id='word_1_134' title='bbox 933 1747 968 1788; x_wconf 89' lang='lat' dir='ltr'>eo</span> <span class='ocrx_word' id='word_1_135' title='bbox 994 1729 1089 1806; x_wconf 83' lang='lat' dir='ltr'>magis</span> <span class='ocrx_word' id='word_1_136' title='bbox 1114 1729 1146 1788; x_wconf 92' lang='lat' dir='ltr'>in</span> <span class='ocrx_word' id='word_1_137' title='bbox 1163 1727 1293 1788; x_wconf 86' lang='lat' dir='ltr'>Nahumi</span> 
     </span>
     <span class='ocr_line' id='line_1_16' title="bbox 191 1829 1293 1907; baseline -0.002 -17"><span class='ocrx_word' id='word_1_138' title='bbox 191 1830 364 1890; x_wconf 80' lang='lat' dir='ltr'>vaticinium</span> <span class='ocrx_word' id='word_1_139' title='bbox 378 1829 487 1888; x_wconf 89' lang='lat' dir='ltr'>cadunt</span> <span class='ocrx_word' id='word_1_140' title='bbox 501 1829 611 1902; x_wconf 88' lang='lat' dir='ltr'>omnia,</span> <span class='ocrx_word' id='word_1_141' title='bbox 625 1832 706 1907; x_wconf 92' lang='lat' dir='ltr'>quod</span> <span class='ocrx_word' id='word_1_142' title='bbox 716 1830 790 1888; x_wconf 84' lang='lat' dir='ltr'>nihil</span> <span class='ocrx_word' id='word_1_143' title='bbox 802 1838 954 1905; x_wconf 87' lang='lat' dir='ltr'>praeterea</span> <span class='ocrx_word' id='word_1_144' title='bbox 966 1830 1070 1902; x_wconf 78' lang='lat' dir='ltr'>habet,</span> <span class='ocrx_word' id='word_1_145' title='bbox 1089 1847 1149 1907; x_wconf 90' lang='lat' dir='ltr'>quo</span> <span class='ocrx_word' id='word_1_146' title='bbox 1162 1831 1293 1888; x_wconf 90' lang='lat' dir='ltr'>omnium</span> 
     </span>
     <span class='ocr_line' id='line_1_17' title="bbox 191 1929 1292 2008; baseline -0.001 -18"><span class='ocrx_word' id='word_1_147' title='bbox 191 1951 290 1990; x_wconf 89' lang='lat' dir='ltr'>rerum</span> <span class='ocrx_word' id='word_1_148' title='bbox 312 1931 395 2003; x_wconf 86' lang='lat' dir='ltr'>finis,</span> <span class='ocrx_word' id='word_1_149' title='bbox 425 1949 540 2006; x_wconf 84' lang='lat' dir='ltr'>semper</span> <span class='ocrx_word' id='word_1_150' title='bbox 563 1931 738 1990; x_wconf 86' lang='lat' dir='ltr'>obversatus</span> <span class='ocrx_word' id='word_1_151' title='bbox 764 1930 815 1988; x_wconf 90' lang='lat' dir='ltr'>ille</span> <span class='ocrx_word' id='word_1_152' title='bbox 837 1939 937 1988; x_wconf 87' lang='lat' dir='ltr'>vatum</span> <span class='ocrx_word' id='word_1_153' title='bbox 966 1931 1087 2003; x_wconf 86' lang='lat' dir='ltr'>animis,</span> <span class='ocrx_word' id='word_1_154' title='bbox 1110 1929 1292 2008; x_wconf 81' lang='lat' dir='ltr'>indigitetur.</span> 
     </span>
     <span class='ocr_line' id='line_1_18' title="bbox 192 2031 1296 2110; baseline -0.001 -19"><span class='ocrx_word' id='word_1_155' title='bbox 192 2034 240 2091; x_wconf 87' lang='lat' dir='ltr'>Ac</span> <span class='ocrx_word' id='word_1_156' title='bbox 256 2033 281 2092; x_wconf 88' lang='lat' dir='ltr'>si</span> <span class='ocrx_word' id='word_1_157' title='bbox 297 2031 464 2110; x_wconf 89' lang='lat' dir='ltr'>quaeritur,</span> <span class='ocrx_word' id='word_1_158' title='bbox 489 2031 639 2108; x_wconf 93' lang='lat' dir='ltr'>quomodo</span> <span class='ocrx_word' id='word_1_159' title='bbox 657 2051 708 2104; x_wconf 86' lang='lat' dir='ltr'>ea,</span> <span class='ocrx_word' id='word_1_160' title='bbox 725 2050 803 2107; x_wconf 88' lang='lat' dir='ltr'>quae</span> <span class='ocrx_word' id='word_1_161' title='bbox 819 2038 956 2088; x_wconf 85' lang='lat' dir='ltr'>naturam</span> <span class='ocrx_word' id='word_1_162' title='bbox 972 2049 1070 2090; x_wconf 88' lang='lat' dir='ltr'>rerum</span> <span class='ocrx_word' id='word_1_163' title='bbox 1086 2031 1150 2108; x_wconf 90' lang='lat' dir='ltr'>pati</span> <span class='ocrx_word' id='word_1_164' title='bbox 1170 2031 1296 2107; x_wconf 88' lang='lat' dir='ltr'>legimus</span> 
     </span>
     <span class='ocr_line' id='line_1_19' title="bbox 190 2131 1294 2208; baseline -0.002 -16"><span class='ocrx_word' id='word_1_165' title='bbox 190 2155 220 2192; x_wconf 85' lang='lat' dir='ltr'>v.</span> <span class='ocrx_word' id='word_1_166' title='bbox 234 2138 318 2206; x_wconf 82' lang='grc'>3-6,</span> <span class='ocrx_word' id='word_1_167' title='bbox 337 2152 409 2192; x_wconf 89' lang='lat' dir='ltr'>vera</span> <span class='ocrx_word' id='word_1_168' title='bbox 424 2131 540 2191; x_wconf 81' lang='lat' dir='ltr'>literato</span> <span class='ocrx_word' id='word_1_169' title='bbox 550 2138 622 2192; x_wconf 85' lang='lat' dir='ltr'>&#39;esse</span> <span class='ocrx_word' id='word_1_170' title='bbox 637 2132 767 2208; x_wconf 85' lang='lat' dir='ltr'>possint,</span> <span class='ocrx_word' id='word_1_171' title='bbox 785 2131 933 2190; x_wconf 83' lang='lat' dir='ltr'>relicimur</span> <span class='ocrx_word' id='word_1_172' title='bbox 950 2132 1078 2208; x_wconf 90' lang='lat' dir='ltr'>primum</span> <span class='ocrx_word' id='word_1_173' title='bbox 1094 2133 1133 2190; x_wconf 89' lang='lat' dir='ltr'>ad</span> <span class='ocrx_word' id='word_1_174' title='bbox 1150 2141 1294 2191; x_wconf 81' lang='lat' dir='ltr'>secretam</span> 
     </span>
     <span class='ocr_line' id='line_1_20' title="bbox 191 2232 1295 2308; baseline 0 -16"><span class='ocrx_word' id='word_1_175' title='bbox 191 2235 274 2294; x_wconf 89' lang='lat' dir='ltr'>illam</span> <span class='ocrx_word' id='word_1_176' title='bbox 296 2233 554 2306; x_wconf 87' lang='lat' dir='ltr'>necessitudinem,</span> <span class='ocrx_word' id='word_1_177' title='bbox 586 2253 665 2308; x_wconf 89' lang='lat' dir='ltr'>quae</span> <span class='ocrx_word' id='word_1_178' title='bbox 691 2232 769 2291; x_wconf 85' lang='lat' dir='ltr'>inter</span> <span class='ocrx_word' id='word_1_179' title='bbox 790 2249 883 2308; x_wconf 84' lang='lat' dir='ltr'>genus</span> <span class='ocrx_word' id='word_1_180' title='bbox 906 2233 1065 2290; x_wconf 86' lang='lat' dir='ltr'>humanum</span> <span class='ocrx_word' id='word_1_181' title='bbox 1088 2232 1243 2292; x_wconf 86' lang='lat' dir='ltr'>intercedit</span> <span class='ocrx_word' id='word_1_182' title='bbox 1266 2242 1295 2292; x_wconf 88' lang='lat' dir='ltr'>et</span> 
     </span>
     <span class='ocr_line' id='line_1_21' title="bbox 192 2331 1295 2412; baseline -0.002 -18"><span class='ocrx_word' id='word_1_183' title='bbox 192 2344 328 2394; x_wconf 85' lang='lat' dir='ltr'>naturam</span> <span class='ocrx_word' id='word_1_184' title='bbox 346 2333 413 2409; x_wconf 88' lang='lat' dir='ltr'>(cfr.</span> <span class='ocrx_word' id='word_1_185' title='bbox 432 2331 510 2392; x_wconf 81' lang='lat' dir='ltr'>Gen.</span> <span class='ocrx_word' id='word_1_186' title='bbox 523 2332 585 2406; x_wconf 88' lang='lat'>111,</span> <span class='ocrx_word' id='word_1_187' title='bbox 610 2337 657 2406; x_wconf 78' lang='lat'>173</span> <span class='ocrx_word' id='word_1_188' title='bbox 680 2333 768 2391; x_wconf 89' lang='lat' dir='ltr'>Rom.</span> <span class='ocrx_word' id='word_1_189' title='bbox 782 2332 873 2406; x_wconf 91' lang='lat' dir='ltr'><strong>VIII,</strong></span> <span class='ocrx_word' id='word_1_190' title='bbox 893 2338 924 2390; x_wconf 85' lang='lat'>19</span> <span class='ocrx_word' id='word_1_191' title='bbox 938 2334 1008 2411; x_wconf 82' lang='lat' dir='ltr'>ss),</span> <span class='ocrx_word' id='word_1_192' title='bbox 1033 2342 1062 2394; x_wconf 88' lang='lat' dir='ltr'>et</span> <span class='ocrx_word' id='word_1_193' title='bbox 1085 2353 1174 2412; x_wconf 84' lang='lat' dir='ltr'>quum</span> <span class='ocrx_word' id='word_1_194' title='bbox 1199 2342 1295 2392; x_wconf 86' lang='lat' dir='ltr'>terrae</span> 
     </span>
     <span class='ocr_line' id='line_1_22' title="bbox 192 2433 1294 2511; baseline -0.001 -17"><span class='ocrx_word' id='word_1_195' title='bbox 192 2435 321 2494; x_wconf 85' lang='lat' dir='ltr'>maxime</span> <span class='ocrx_word' id='word_1_196' title='bbox 344 2453 444 2493; x_wconf 86' lang='lat' dir='ltr'>saurae</span> <span class='ocrx_word' id='word_1_197' title='bbox 467 2442 620 2509; x_wconf 87' lang='lat' dir='ltr'>aspectus,</span> <span class='ocrx_word' id='word_1_198' title='bbox 644 2434 845 2494; x_wconf 89' lang='lat' dir='ltr'>Israelitarum</span> <span class='ocrx_word' id='word_1_199' title='bbox 867 2433 1064 2493; x_wconf 86' lang='lat' dir='ltr'>conditionem</span> <span class='ocrx_word' id='word_1_200' title='bbox 1087 2453 1204 2511; x_wconf 85' lang='lat' dir='ltr'>semper</span> <span class='ocrx_word' id='word_1_201' title='bbox 1219 2435 1294 2493; x_wconf 88' lang='lat' dir='ltr'>refe-</span> 
     </span>
     <span class='ocr_line' id='line_1_23' title="bbox 191 2533 1293 2612; baseline 0 -18"><span class='ocrx_word' id='word_1_202' title='bbox 191 2555 276 2609; x_wconf 88' lang='lat' dir='ltr'>rens,</span> <span class='ocrx_word' id='word_1_203' title='bbox 299 2536 409 2612; x_wconf 87' lang='lat' dir='ltr'>probet</span> <span class='ocrx_word' id='word_1_204' title='bbox 430 2533 593 2612; x_wconf 84' lang='lat' dir='ltr'>hodieque3</span> <span class='ocrx_word' id='word_1_205' title='bbox 619 2543 680 2593; x_wconf 89' lang='lat' dir='ltr'>tum</span> <span class='ocrx_word' id='word_1_206' title='bbox 697 2553 768 2593; x_wconf 85' lang='lat' dir='ltr'>vero</span> <span class='ocrx_word' id='word_1_207' title='bbox 795 2541 927 2593; x_wconf 84' lang='lat' dir='ltr'>extremo</span> <span class='ocrx_word' id='word_1_208' title='bbox 949 2535 1058 2593; x_wconf 89' lang='lat' dir='ltr'>iudicio</span> <span class='ocrx_word' id='word_1_209' title='bbox 1081 2536 1182 2594; x_wconf 89' lang='lat' dir='ltr'>omnia</span> <span class='ocrx_word' id='word_1_210' title='bbox 1203 2555 1238 2594; x_wconf 86' lang='lat' dir='ltr'>ea</span> <span class='ocrx_word' id='word_1_211' title='bbox 1255 2536 1293 2594; x_wconf 89' lang='lat' dir='ltr'>ad</span> 
     </span>
     <span class='ocr_line' id='line_1_24' title="bbox 191 2634 1292 2711; baseline 0 -16"><span class='ocrx_word' id='word_1_212' title='bbox 191 2638 314 2695; x_wconf 86' lang='lat' dir='ltr'>verbum</span> <span class='ocrx_word' id='word_1_213' title='bbox 325 2635 489 2694; x_wconf 86' lang='lat' dir='ltr'>confectum</span> <span class='ocrx_word' id='word_1_214' title='bbox 500 2635 536 2692; x_wconf 90' lang='lat' dir='ltr'>iri</span> <span class='ocrx_word' id='word_1_215' title='bbox 547 2635 962 2711; x_wconf 78' lang='lat' dir='ltr'>asseverant(efr.Hmmon.</span> <span class='ocrx_word' id='word_1_216' title='bbox 970 2636 1060 2696; x_wconf 84' lang='lat' dir='ltr'>Jesus</span> <span class='ocrx_word' id='word_1_217' title='bbox 1071 2634 1292 2696; x_wconf 82' lang='lat' dir='ltr'>derChristetc.</span> 
     </span>
     <span class='ocr_line' id='line_1_25' title="bbox 192 2735 1292 2815; baseline 0 -21"><span class='ocrx_word' id='word_1_218' title='bbox 192 2757 222 2813; x_wconf 89' lang='lat' dir='ltr'>p.</span> <span class='ocrx_word' id='word_1_219' title='bbox 244 2740 292 2794; x_wconf 77' lang='lat'>186</span> <span class='ocrx_word' id='word_1_220' title='bbox 312 2755 367 2808; x_wconf 78' lang='lat' dir='ltr'>sa.;</span> <span class='ocrx_word' id='word_1_221' title='bbox 398 2736 585 2795; x_wconf 76' lang='lat' dir='ltr'>Dnumzscn.</span> <span class='ocrx_word' id='word_1_222' title='bbox 611 2735 690 2794; x_wconf 87' lang='lat' dir='ltr'>Hab.</span> <span class='ocrx_word' id='word_1_223' title='bbox 713 2755 743 2811; x_wconf 89' lang='lat' dir='ltr'>p.</span> <span class='ocrx_word' id='word_1_224' title='bbox 761 2741 809 2794; x_wconf 89' lang='lat'>140</span> <span class='ocrx_word' id='word_1_225' title='bbox 826 2738 891 2815; x_wconf 76' lang='lat' dir='ltr'>ss).</span> <span class='ocrx_word' id='word_1_226' title='bbox 917 2771 954 2779; x_wconf 92' lang='lat'>—</span> <span class='ocrx_word' id='word_1_227' title='bbox 987 2736 1097 2794; x_wconf 84' lang='lat' dir='ltr'>Verum</span> <span class='ocrx_word' id='word_1_228' title='bbox 1122 2738 1198 2795; x_wconf 90' lang='lat' dir='ltr'>enim</span> <span class='ocrx_word' id='word_1_229' title='bbox 1221 2755 1292 2795; x_wconf 87' lang='lat' dir='ltr'>vero</span> 
     </span>
     <span class='ocr_line' id='line_1_26' title="bbox 193 2836 1293 2914; baseline -0.001 -18"><span class='ocrx_word' id='word_1_230' title='bbox 193 2857 263 2896; x_wconf 92' lang='lat' dir='ltr'>num</span> <span class='ocrx_word' id='word_1_231' title='bbox 286 2857 336 2910; x_wconf 90' lang='lat' dir='ltr'>ea,</span> <span class='ocrx_word' id='word_1_232' title='bbox 360 2836 466 2914; x_wconf 90' lang='lat' dir='ltr'>quibus</span> <span class='ocrx_word' id='word_1_233' title='bbox 489 2843 652 2894; x_wconf 83' lang='lat' dir='ltr'>extremum</span> <span class='ocrx_word' id='word_1_234' title='bbox 674 2836 812 2894; x_wconf 85' lang='lat' dir='ltr'>iudicium</span> <span class='ocrx_word' id='word_1_235' title='bbox 836 2837 867 2894; x_wconf 90' lang='lat' dir='ltr'>in</span> <span class='ocrx_word' id='word_1_236' title='bbox 889 2837 920 2894; x_wconf 92' lang='lat' dir='ltr'>ll.</span> <span class='ocrx_word' id='word_1_237' title='bbox 938 2855 978 2897; x_wconf 85' lang='lat' dir='ltr'>ss.</span> <span class='ocrx_word' id='word_1_238' title='bbox 1001 2837 1181 2912; x_wconf 83' lang='lat' dir='ltr'>descriptum</span> <span class='ocrx_word' id='word_1_239' title='bbox 1204 2854 1293 2913; x_wconf 80' lang='lat' dir='ltr'>saepe</span> 
     </span>
     <span class='ocr_line' id='line_1_27' title="bbox 192 2935 1294 3015; baseline 0 -19"><span class='ocrx_word' id='word_1_240' title='bbox 192 2939 331 3015; x_wconf 80' lang='lat' dir='ltr'>legimus,</span> <span class='ocrx_word' id='word_1_241' title='bbox 355 2948 496 2996; x_wconf 86' lang='lat' dir='ltr'>eventura</span> <span class='ocrx_word' id='word_1_242' title='bbox 516 2936 632 2996; x_wconf 83' lang='lat' dir='ltr'>literate</span> <span class='ocrx_word' id='word_1_243' title='bbox 653 2935 728 3010; x_wconf 89' lang='lat' dir='ltr'>sint,</span> <span class='ocrx_word' id='word_1_244' title='bbox 751 2955 805 2996; x_wconf 90' lang='lat' dir='ltr'>uec</span> <span class='ocrx_word' id='word_1_245' title='bbox 826 2936 1014 3013; x_wconf 85' lang='lat' dir='ltr'>exploratum</span> <span class='ocrx_word' id='word_1_246' title='bbox 1037 2939 1134 2996; x_wconf 87' lang='lat' dir='ltr'>adhue</span> <span class='ocrx_word' id='word_1_247' title='bbox 1156 2946 1215 3011; x_wconf 86' lang='lat' dir='ltr'>ost,</span> <span class='ocrx_word' id='word_1_248' title='bbox 1239 2957 1294 2996; x_wconf 89' lang='lat' dir='ltr'>nee</span> 
     </span>
     <span class='ocr_line' id='line_1_28' title="bbox 193 3036 1293 3114; baseline -0.002 -15"><span class='ocrx_word' id='word_1_249' title='bbox 193 3041 269 3100; x_wconf 89' lang='lat' dir='ltr'>scire</span> <span class='ocrx_word' id='word_1_250' title='bbox 291 3039 410 3098; x_wconf 90' lang='lat' dir='ltr'>omnino</span> <span class='ocrx_word' id='word_1_251' title='bbox 432 3055 607 3114; x_wconf 85' lang='lat' dir='ltr'>possumus,</span> <span class='ocrx_word' id='word_1_252' title='bbox 631 3055 696 3096; x_wconf 89' lang='lat' dir='ltr'>oum</span> <span class='ocrx_word' id='word_1_253' title='bbox 719 3039 787 3114; x_wconf 85' lang='lat' dir='ltr'>ipsa</span> <span class='ocrx_word' id='word_1_254' title='bbox 804 3036 915 3098; x_wconf 79' lang='lat' dir='ltr'>Christi</span> <span class='ocrx_word' id='word_1_255' title='bbox 931 3038 994 3097; x_wconf 83' lang='lat' dir='ltr'>vita</span> <span class='ocrx_word' id='word_1_256' title='bbox 1020 3039 1081 3097; x_wconf 83' lang='lat' dir='ltr'>alia</span> <span class='ocrx_word' id='word_1_257' title='bbox 1097 3039 1238 3098; x_wconf 87' lang='lat' dir='ltr'>vaticinia</span> <span class='ocrx_word' id='word_1_258' title='bbox 1254 3039 1293 3097; x_wconf 85' lang='lat' dir='ltr'>ad</span> 
     </span>
     <span class='ocr_line' id='line_1_29' title="bbox 192 3129 1294 3216; baseline -0.004 -15"><span class='ocrx_word' id='word_1_259' title='bbox 192 3141 330 3213; x_wconf 84' lang='lat' dir='ltr'>verbum,</span> <span class='ocrx_word' id='word_1_260' title='bbox 354 3138 414 3198; x_wconf 87' lang='lat' dir='ltr'>alia</span> <span class='ocrx_word' id='word_1_261' title='bbox 429 3157 484 3214; x_wconf 90' lang='lat' dir='ltr'>per</span> <span class='ocrx_word' id='word_1_262' title='bbox 499 3138 658 3215; x_wconf 76' lang='lat' dir='ltr'>imaginem</span> <span class='ocrx_word' id='word_1_263' title='bbox 675 3138 822 3215; x_wconf 86' lang='lat' dir='ltr'>completa</span> <span class='ocrx_word' id='word_1_264' title='bbox 838 3129 1009 3215; x_wconf 82' lang='lat' dir='ltr'>appareant.</span> <span class='ocrx_word' id='word_1_265' title='bbox 1043 3139 1123 3198; x_wconf 83' lang='lat' dir='ltr'>Huic</span> <span class='ocrx_word' id='word_1_266' title='bbox 1139 3157 1209 3216; x_wconf 87' lang='lat' dir='ltr'>ergo</span> <span class='ocrx_word' id='word_1_267' title='bbox 1228 3157 1294 3198; x_wconf 88' lang='lat' dir='ltr'>sen-</span> 
     </span>
     <span class='ocr_line' id='line_1_30' title="bbox 193 3239 1293 3318; baseline -0.002 -18"><span class='ocrx_word' id='word_1_268' title='bbox 193 3241 303 3300; x_wconf 86' lang='lat' dir='ltr'>tentiae</span> <span class='ocrx_word' id='word_1_269' title='bbox 326 3257 450 3316; x_wconf 86' lang='lat' dir='ltr'>prorsus</span> <span class='ocrx_word' id='word_1_270' title='bbox 474 3239 617 3298; x_wconf 86' lang='lat' dir='ltr'>assentire</span> <span class='ocrx_word' id='word_1_271' title='bbox 638 3239 802 3316; x_wconf 89' lang='lat' dir='ltr'>nequimus.</span> <span class='ocrx_word' id='word_1_272' title='bbox 850 3239 881 3317; x_wconf 76' lang='lat'>2)</span> <span class='ocrx_word' id='word_1_273' title='bbox 903 3239 965 3298; x_wconf 90' lang='lat' dir='ltr'>Alii</span> <span class='ocrx_word' id='word_1_274' title='bbox 993 3241 1147 3318; x_wconf 91' lang='lat' dir='ltr'>proprium</span> <span class='ocrx_word' id='word_1_275' title='bbox 1174 3258 1293 3300; x_wconf 87' lang='lat' dir='ltr'>sensum</span> 
     </span>
     <span class='ocr_line' id='line_1_31' title="bbox 193 3337 1292 3418; baseline -0.001 -19"><span class='ocrx_word' id='word_1_276' title='bbox 193 3341 295 3418; x_wconf 87' lang='lat' dir='ltr'>aliqua</span> <span class='ocrx_word' id='word_1_277' title='bbox 312 3359 349 3398; x_wconf 85' lang='lat' dir='ltr'>ex</span> <span class='ocrx_word' id='word_1_278' title='bbox 367 3346 452 3415; x_wconf 88' lang='lat' dir='ltr'>parte</span> <span class='ocrx_word' id='word_1_279' title='bbox 473 3337 613 3412; x_wconf 87' lang='lat' dir='ltr'>retinent,</span> <span class='ocrx_word' id='word_1_280' title='bbox 637 3359 703 3397; x_wconf 88' lang='lat' dir='ltr'>oum</span> <span class='ocrx_word' id='word_1_281' title='bbox 727 3340 889 3398; x_wconf 90' lang='lat' dir='ltr'>subiectum</span> <span class='ocrx_word' id='word_1_282' title='bbox 906 3339 975 3398; x_wconf 90' lang='lat' dir='ltr'>huie</span> <span class='ocrx_word' id='word_1_283' title='bbox 996 3341 1119 3417; x_wconf 87' lang='lat' dir='ltr'>imagini</span> <span class='ocrx_word' id='word_1_284' title='bbox 1141 3347 1292 3418; x_wconf 86' lang='lat' dir='ltr'>aspectum</span> 
     </span>
     <span class='ocr_line' id='line_1_32' title="bbox 133 3438 1291 3520; baseline 0 -20"><span class='ocrx_word' id='word_1_285' title='bbox 133 3457 136 3462; x_wconf 82' lang='grc'><strong>’</strong></span> <span class='ocrx_word' id='word_1_286' title='bbox 193 3442 292 3500; x_wconf 85' lang='lat' dir='ltr'>dicant</span> <span class='ocrx_word' id='word_1_287' title='bbox 308 3440 356 3498; x_wconf 90' lang='lat' dir='ltr'>vel</span> <span class='ocrx_word' id='word_1_288' title='bbox 373 3438 557 3513; x_wconf 85' lang='lat' dir='ltr'>tempestatis</span> <span class='ocrx_word' id='word_1_289' title='bbox 574 3458 639 3496; x_wconf 89' lang='lat' dir='ltr'>cum</span> <span class='ocrx_word' id='word_1_290' title='bbox 657 3440 769 3498; x_wconf 88' lang='lat' dir='ltr'>tonitru</span> <span class='ocrx_word' id='word_1_291' title='bbox 786 3447 816 3498; x_wconf 90' lang='lat' dir='ltr'>et</span> <span class='ocrx_word' id='word_1_292' title='bbox 832 3439 1100 3520; x_wconf 81' lang='lat' dir='ltr'>fulgure(H1rz.),</span> <span class='ocrx_word' id='word_1_293' title='bbox 1124 3443 1171 3500; x_wconf 89' lang='lat' dir='ltr'>vel</span> <span class='ocrx_word' id='word_1_294' title='bbox 1188 3449 1291 3500; x_wconf 90' lang='lat' dir='ltr'>ventus</span> 
     </span>
     <span class='ocr_line' id='line_1_33' title="bbox 194 3540 1290 3619; baseline -0.002 -18"><span class='ocrx_word' id='word_1_295' title='bbox 194 3540 323 3602; x_wconf 87' lang='lat' dir='ltr'>aestuosi</span> <span class='ocrx_word' id='word_1_296' title='bbox 342 3559 407 3597; x_wconf 89' lang='lat' dir='ltr'>oum</span> <span class='ocrx_word' id='word_1_297' title='bbox 430 3547 625 3598; x_wconf 84' lang='lat' dir='ltr'>terraemotu</span> <span class='ocrx_word' id='word_1_298' title='bbox 642 3540 814 3619; x_wconf 67' lang='lat' dir='ltr'>(Eurum),</span> <span class='ocrx_word' id='word_1_299' title='bbox 840 3540 887 3599; x_wconf 89' lang='lat' dir='ltr'>vel</span> <span class='ocrx_word' id='word_1_300' title='bbox 903 3559 1005 3600; x_wconf 89' lang='lat' dir='ltr'>earum</span> <span class='ocrx_word' id='word_1_301' title='bbox 1022 3541 1142 3600; x_wconf 89' lang='lat' dir='ltr'>omnino</span> <span class='ocrx_word' id='word_1_302' title='bbox 1159 3561 1290 3615; x_wconf 86' lang='lat' dir='ltr'>casuum,</span> 
     </span>
     <span class='ocr_line' id='line_1_34' title="bbox 194 3639 1291 3721; baseline -0.001 -20"><span class='ocrx_word' id='word_1_303' title='bbox 194 3661 269 3720; x_wconf 90' lang='lat' dir='ltr'>quos</span> <span class='ocrx_word' id='word_1_304' title='bbox 287 3641 439 3718; x_wconf 81' lang='lat' dir='ltr'>regionum</span> <span class='ocrx_word' id='word_1_305' title='bbox 456 3649 563 3698; x_wconf 89' lang='lat' dir='ltr'>natura</span> <span class='ocrx_word' id='word_1_306' title='bbox 580 3642 738 3718; x_wconf 90' lang='lat' dir='ltr'>quotannis</span> <span class='ocrx_word' id='word_1_307' title='bbox 755 3642 861 3702; x_wconf 84' lang='lat' dir='ltr'>afferat</span> <span class='ocrx_word' id='word_1_308' title='bbox 873 3639 1057 3720; x_wconf 75' lang='lat' dir='ltr'>(Ganvms);</span> <span class='ocrx_word' id='word_1_309' title='bbox 1075 3661 1152 3721; x_wconf 90' lang='lat' dir='ltr'>quae</span> <span class='ocrx_word' id='word_1_310' title='bbox 1164 3643 1291 3720; x_wconf 87' lang='lat' dir='ltr'>speciem</span> 
     </span>
     <span class='ocr_line' id='line_1_35' title="bbox 194 3740 1291 3821; baseline 0 -20"><span class='ocrx_word' id='word_1_311' title='bbox 194 3761 295 3802; x_wconf 90' lang='lat' dir='ltr'>eorum</span> <span class='ocrx_word' id='word_1_312' title='bbox 317 3751 347 3801; x_wconf 89' lang='lat' dir='ltr'>et</span> <span class='ocrx_word' id='word_1_313' title='bbox 367 3740 496 3800; x_wconf 88' lang='lat' dir='ltr'>indolem</span> <span class='ocrx_word' id='word_1_314' title='bbox 518 3741 674 3802; x_wconf 89' lang='lat' dir='ltr'>videantur</span> <span class='ocrx_word' id='word_1_315' title='bbox 697 3743 853 3816; x_wconf 85' lang='lat' dir='ltr'>excedere,</span> <span class='ocrx_word' id='word_1_316' title='bbox 881 3763 918 3802; x_wconf 85' lang='lat' dir='ltr'>ea</span> <span class='ocrx_word' id='word_1_317' title='bbox 941 3745 980 3801; x_wconf 92' lang='lat' dir='ltr'>ad</span> <span class='ocrx_word' id='word_1_318' title='bbox 1001 3743 1224 3821; x_wconf 88' lang='lat' dir='ltr'>hyperbolicum</span> <span class='ocrx_word' id='word_1_319' title='bbox 1246 3743 1291 3801; x_wconf 94' lang='lat' dir='ltr'>di·</span> 
     </span>
     <span class='ocr_line' id='line_1_36' title="bbox 194 3842 1292 3922; baseline -0.003 -18"><span class='ocrx_word' id='word_1_320' title='bbox 194 3843 278 3904; x_wconf 89' lang='lat' dir='ltr'>cendi</span> <span class='ocrx_word' id='word_1_321' title='bbox 295 3863 387 3922; x_wconf 84' lang='lat' dir='ltr'>genus</span> <span class='ocrx_word' id='word_1_322' title='bbox 412 3842 567 3902; x_wconf 79' lang='lat' dir='ltr'>referenda</span> <span class='ocrx_word' id='word_1_323' title='bbox 583 3861 663 3916; x_wconf 90' lang='lat' dir='ltr'>esse,</span> <span class='ocrx_word' id='word_1_324' title='bbox 688 3843 769 3920; x_wconf 86' lang='lat' dir='ltr'>quod</span> <span class='ocrx_word' id='word_1_325' title='bbox 785 3851 892 3919; x_wconf 85' lang='lat' dir='ltr'>poetae</span> <span class='ocrx_word' id='word_1_326' title='bbox 914 3863 980 3902; x_wconf 90' lang='lat' dir='ltr'>oum</span> <span class='ocrx_word' id='word_1_327' title='bbox 996 3845 1115 3904; x_wconf 84' lang='lat' dir='ltr'>ratibus</span> <span class='ocrx_word' id='word_1_328' title='bbox 1138 3862 1292 3903; x_wconf 88' lang='lat' dir='ltr'>commune</span> 
     </span>
     <span class='ocr_line' id='line_1_37' title="bbox 193 3943 1291 4022; baseline -0.002 -18"><span class='ocrx_word' id='word_1_329' title='bbox 193 3945 330 4004; x_wconf 79' lang='lat' dir='ltr'>habeant.</span> <span class='ocrx_word' id='word_1_330' title='bbox 355 3977 392 3988; x_wconf 83' lang='lat'><em>—</em></span> <span class='ocrx_word' id='word_1_331' title='bbox 428 3943 486 4018; x_wconf 74' lang='lat' dir='ltr'>Qui</span> <span class='ocrx_word' id='word_1_332' title='bbox 511 3945 554 4004; x_wconf 87' lang='lat' dir='ltr'>sio</span> <span class='ocrx_word' id='word_1_333' title='bbox 576 3951 724 4017; x_wconf 86' lang='lat' dir='ltr'>statuunt,</span> <span class='ocrx_word' id='word_1_334' title='bbox 746 3943 816 4003; x_wconf 75' lang='lat' dir='ltr'>lieet</span> <span class='ocrx_word' id='word_1_335' title='bbox 834 3952 912 4004; x_wconf 90' lang='lat' dir='ltr'>recte</span> <span class='ocrx_word' id='word_1_336' title='bbox 931 3945 1025 4004; x_wconf 88' lang='lat' dir='ltr'>multe</span> <span class='ocrx_word' id='word_1_337' title='bbox 1048 3946 1199 4022; x_wconf 85' lang='lat' dir='ltr'>disputare</span> <span class='ocrx_word' id='word_1_338' title='bbox 1221 3961 1291 4003; x_wconf 87' lang='lat' dir='ltr'>uou-</span> 
     </span>
     <span class='ocr_line' id='line_1_38' title="bbox 193 4045 1292 4122; baseline -0.003 -17"><span class='ocrx_word' id='word_1_339' title='bbox 193 4047 344 4120; x_wconf 86' lang='lat' dir='ltr'>oedamus,</span> <span class='ocrx_word' id='word_1_340' title='bbox 363 4053 462 4104; x_wconf 90' lang='lat' dir='ltr'>tamen</span> <span class='ocrx_word' id='word_1_341' title='bbox 479 4053 640 4104; x_wconf 80' lang='lat' dir='ltr'>extenuare</span> <span class='ocrx_word' id='word_1_342' title='bbox 655 4063 835 4121; x_wconf 85' lang='lat' dir='ltr'>mangopere</span> <span class='ocrx_word' id='word_1_343' title='bbox 853 4046 936 4104; x_wconf 90' lang='lat' dir='ltr'>verbi</span> <span class='ocrx_word' id='word_1_344' title='bbox 958 4046 1050 4104; x_wconf 91' lang='lat' dir='ltr'>divini</span> <span class='ocrx_word' id='word_1_345' title='bbox 1068 4045 1292 4122; x_wconf 88' lang='lat' dir='ltr'>amplitudinem</span> 
     </span>
     <span class='ocr_line' id='line_1_39' title="bbox 194 4146 1293 4224; baseline -0.002 -18"><span class='ocrx_word' id='word_1_346' title='bbox 194 4148 344 4220; x_wconf 88' lang='lat' dir='ltr'>videntur,</span> <span class='ocrx_word' id='word_1_347' title='bbox 369 4146 479 4224; x_wconf 90' lang='lat' dir='ltr'>quippe</span> <span class='ocrx_word' id='word_1_348' title='bbox 497 4146 578 4223; x_wconf 91' lang='lat' dir='ltr'>quod</span> <span class='ocrx_word' id='word_1_349' title='bbox 599 4147 630 4204; x_wconf 91' lang='lat' dir='ltr'>in</span> <span class='ocrx_word' id='word_1_350' title='bbox 647 4146 705 4204; x_wconf 90' lang='lat' dir='ltr'>hoo</span> <span class='ocrx_word' id='word_1_351' title='bbox 721 4165 841 4223; x_wconf 89' lang='lat' dir='ltr'>quoque</span> <span class='ocrx_word' id='word_1_352' title='bbox 861 4163 981 4222; x_wconf 84' lang='lat' dir='ltr'>genere,</span> <span class='ocrx_word' id='word_1_353' title='bbox 1005 4155 1044 4205; x_wconf 89' lang='lat' dir='ltr'>ut.</span> <span class='ocrx_word' id='word_1_354' title='bbox 1059 4147 1210 4223; x_wconf 84' lang='lat' dir='ltr'>praeclare</span> <span class='ocrx_word' id='word_1_355' title='bbox 1227 4146 1293 4204; x_wconf 80' lang='lat' dir='ltr'>AU-</span> 
     </span>
     <span class='ocr_line' id='line_1_40' title="bbox 194 4245 1293 4324; baseline -0.003 -18"><span class='ocrx_word' id='word_1_356' title='bbox 194 4263 340 4306; x_wconf 83' lang='lat' dir='ltr'>uusrmus</span> <span class='ocrx_word' id='word_1_357' title='bbox 358 4247 415 4320; x_wconf 87' lang='lat' dir='ltr'>ait,</span> <span class='ocrx_word' id='word_1_358' title='bbox 435 4247 579 4318; x_wconf 86' lang='lat' dir='ltr'>„haustus</span> <span class='ocrx_word' id='word_1_359' title='bbox 590 4247 699 4306; x_wconf 86' lang='lat' dir='ltr'>habeat</span> <span class='ocrx_word' id='word_1_360' title='bbox 714 4246 841 4322; x_wconf 87' lang='lat' dir='ltr'>primos,</span> <span class='ocrx_word' id='word_1_361' title='bbox 860 4247 968 4306; x_wconf 84' lang='lat' dir='ltr'>habeat</span> <span class='ocrx_word' id='word_1_362' title='bbox 984 4247 1161 4308; x_wconf 86' lang='lat' dir='ltr'>secundos.“</span> <span class='ocrx_word' id='word_1_363' title='bbox 1186 4245 1293 4324; x_wconf 61' lang='lat' dir='ltr'>3)sDe-</span> 
     </span>
    </p>
   </div>
   <div class='ocr_carea' id='block_1_3' title="bbox 0 0 1484 4808">
    <p class='ocr_par' dir='ltr' id='par_1_3' title="bbox 0 0 1484 4808">
     <span class='ocr_line' id='line_1_41' title="bbox 0 0 1484 4808; baseline 0 0"><span class='ocrx_word' id='word_1_364' title='bbox 0 0 1484 4808; x_wconf 95' lang='lat' dir='ltr'> </span> 
     </span>
    </p>
   </div>
  </div>
 </body>
</html>
