<?xml version="1.0" encoding="UTF-8"?>
<!DOCTYPE html PUBLIC "-//W3C//DTD XHTML 1.0 Transitional//EN"
    "http://www.w3.org/TR/xhtml1/DTD/xhtml1-transitional.dtd">
<html xmlns="http://www.w3.org/1999/xhtml" xml:lang="en" lang="en">
 <head>
  <title>
</title>
<meta http-equiv="Content-Type" content="text/html;charset=utf-8" />
  <meta name='ocr-system' content='tesseract 3.04.00' />
  <meta name='ocr-capabilities' content='ocr_page ocr_carea ocr_par ocr_line ocrx_word'/>
</head>
<body>
  <div class='ocr_page' id='page_1' title='image "./nahumideninovat01stragoog/nahumideninovat01stragoog_0073.png"; bbox 0 0 2954 4808; ppageno 0'>
   <div class='ocr_carea' id='block_1_1' title="bbox 204 206 953 266">
    <p class='ocr_par' dir='ltr' id='par_1_1' title="bbox 204 206 953 266">
     <span class='ocr_line' id='line_1_1' title="bbox 204 206 953 266; baseline 0 -2"><span class='ocrx_word' id='word_1_1' title='bbox 204 224 277 265; x_wconf 74' lang='lat' dir='ltr'>cxiv</span> <span class='ocrx_word' id='word_1_2' title='bbox 552 209 798 266; x_wconf 76' lang='lat' dir='ltr'>Pnouueonunn.</span> <span class='ocrx_word' id='word_1_3' title='bbox 825 206 898 266; x_wconf 69' lang='lat' dir='ltr'>Cer.</span> <span class='ocrx_word' id='word_1_4' title='bbox 912 207 953 265; x_wconf 88' lang='grc' dir='ltr'>ΙΙ.</span> 
     </span>
    </p>
   </div>
   <div class='ocr_carea' id='block_1_2' title="bbox 206 389 1306 1750">
    <p class='ocr_par' dir='ltr' id='par_1_2' title="bbox 206 389 1303 548">
     <span class='ocr_line' id='line_1_2' title="bbox 206 389 1303 464; baseline 0.003 -16"><span class='ocrx_word' id='word_1_5' title='bbox 206 390 325 448; x_wconf 90' lang='lat' dir='ltr'>omnino</span> <span class='ocrx_word' id='word_1_6' title='bbox 343 389 494 462; x_wconf 85' lang='lat' dir='ltr'>convenit,</span> <span class='ocrx_word' id='word_1_7' title='bbox 514 398 556 462; x_wconf 90' lang='lat' dir='ltr'>et,</span> <span class='ocrx_word' id='word_1_8' title='bbox 581 389 674 448; x_wconf 90' lang='lat' dir='ltr'>donec</span> <span class='ocrx_word' id='word_1_9' title='bbox 691 389 866 448; x_wconf 83' lang='lat' dir='ltr'>certioribus</span> <span class='ocrx_word' id='word_1_10' title='bbox 884 389 1093 464; x_wconf 77' lang='lat' dir='ltr'>comprobetur</span> <span class='ocrx_word' id='word_1_11' title='bbox 1110 389 1303 462; x_wconf 82' lang='lat' dir='ltr'>documentis,</span> 
     </span>
     <span class='ocr_line' id='line_1_3' title="bbox 206 489 479 548; baseline -0.004 0"><span class='ocrx_word' id='word_1_12' title='bbox 206 489 397 548; x_wconf 84' lang='lat' dir='ltr'>dubitandum</span> <span class='ocrx_word' id='word_1_13' title='bbox 414 489 479 548; x_wconf 83' lang='lat' dir='ltr'>erit.</span> 
     </span>
    </p>

    <p class='ocr_par' dir='ltr' id='par_1_3' title="bbox 206 588 1306 1750">
     <span class='ocr_line' id='line_1_4' title="bbox 256 588 1304 666; baseline -0.002 -18"><span class='ocrx_word' id='word_1_14' title='bbox 256 589 413 666; x_wconf 80' lang='lat' dir='ltr'>Utcunque</span> <span class='ocrx_word' id='word_1_15' title='bbox 429 598 490 661; x_wconf 84' lang='lat' dir='ltr'>est,</span> <span class='ocrx_word' id='word_1_16' title='bbox 515 608 551 647; x_wconf 86' lang='lat' dir='ltr'>ea</span> <span class='ocrx_word' id='word_1_17' title='bbox 568 597 645 648; x_wconf 89' lang='lat' dir='ltr'>certe</span> <span class='ocrx_word' id='word_1_18' title='bbox 660 588 855 666; x_wconf 84' lang='lat' dir='ltr'>Assyriarum</span> <span class='ocrx_word' id='word_1_19' title='bbox 871 608 968 646; x_wconf 88' lang='lat' dir='ltr'>rerum</span> <span class='ocrx_word' id='word_1_20' title='bbox 987 588 1117 647; x_wconf 90' lang='lat' dir='ltr'>conditio</span> <span class='ocrx_word' id='word_1_21' title='bbox 1136 590 1304 648; x_wconf 83' lang='lat' dir='ltr'>Assarbed-</span> 
     </span>
     <span class='ocr_line' id='line_1_5' title="bbox 207 689 1305 766; baseline 0 -18"><span class='ocrx_word' id='word_1_22' title='bbox 207 692 283 748; x_wconf 83' lang='lat' dir='ltr'>done</span> <span class='ocrx_word' id='word_1_23' title='bbox 299 698 440 766; x_wconf 86' lang='lat' dir='ltr'>regnante</span> <span class='ocrx_word' id='word_1_24' title='bbox 456 689 548 748; x_wconf 84' lang='lat' dir='ltr'>inisse</span> <span class='ocrx_word' id='word_1_25' title='bbox 565 689 697 764; x_wconf 77' lang='lat' dir='ltr'>putanda</span> <span class='ocrx_word' id='word_1_26' title='bbox 714 696 769 760; x_wconf 89' lang='lat' dir='ltr'>est,</span> <span class='ocrx_word' id='word_1_27' title='bbox 781 696 814 746; x_wconf 91' lang='lat' dir='ltr'>ut</span> <span class='ocrx_word' id='word_1_28' title='bbox 831 707 891 746; x_wconf 90' lang='lat' dir='ltr'>non</span> <span class='ocrx_word' id='word_1_29' title='bbox 909 689 1004 747; x_wconf 88' lang='lat' dir='ltr'>solum</span> <span class='ocrx_word' id='word_1_30' title='bbox 1023 690 1173 748; x_wconf 86' lang='lat' dir='ltr'>tremenda</span> <span class='ocrx_word' id='word_1_31' title='bbox 1186 690 1305 748; x_wconf 84' lang='lat' dir='ltr'>iudaeis</span> 
     </span>
     <span class='ocr_line' id='line_1_6' title="bbox 208 788 1304 866; baseline -0.004 -16"><span class='ocrx_word' id='word_1_32' title='bbox 208 799 300 863; x_wconf 89' lang='lat' dir='ltr'>esset,</span> <span class='ocrx_word' id='word_1_33' title='bbox 323 809 426 848; x_wconf 84' lang='lat' dir='ltr'>verum</span> <span class='ocrx_word' id='word_1_34' title='bbox 449 789 538 848; x_wconf 88' lang='lat' dir='ltr'>etiarn</span> <span class='ocrx_word' id='word_1_35' title='bbox 554 789 671 866; x_wconf 83' lang='lat' dir='ltr'>integra</span> <span class='ocrx_word' id='word_1_36' title='bbox 688 788 834 864; x_wconf 81' lang='lat' dir='ltr'>appellari</span> <span class='ocrx_word' id='word_1_37' title='bbox 850 797 954 864; x_wconf 87' lang='lat' dir='ltr'>posset</span> <span class='ocrx_word' id='word_1_38' title='bbox 964 788 982 846; x_wconf 88' lang='lat'>¹.</span> <span class='ocrx_word' id='word_1_39' title='bbox 1006 790 1051 847; x_wconf 85' lang='lat' dir='ltr'>At</span> <span class='ocrx_word' id='word_1_40' title='bbox 1067 807 1137 847; x_wconf 88' lang='lat' dir='ltr'>vero</span> <span class='ocrx_word' id='word_1_41' title='bbox 1155 789 1304 848; x_wconf 81' lang='lat' dir='ltr'>restitutio</span> 
     </span>
     <span class='ocr_line' id='line_1_7' title="bbox 206 888 1304 966; baseline -0.003 -17"><span class='ocrx_word' id='word_1_42' title='bbox 206 890 349 966; x_wconf 78' lang='lat' dir='ltr'>pristinae</span> <span class='ocrx_word' id='word_1_43' title='bbox 365 889 522 966; x_wconf 85' lang='lat' dir='ltr'>potestatis</span> <span class='ocrx_word' id='word_1_44' title='bbox 539 908 597 948; x_wconf 91' lang='lat' dir='ltr'>non</span> <span class='ocrx_word' id='word_1_45' title='bbox 613 889 709 947; x_wconf 90' lang='lat' dir='ltr'>solum</span> <span class='ocrx_word' id='word_1_46' title='bbox 720 907 824 946; x_wconf 84' lang='lat' dir='ltr'>manca</span> <span class='ocrx_word' id='word_1_47' title='bbox 836 896 901 946; x_wconf 81' lang='lat' dir='ltr'>erat</span> <span class='ocrx_word' id='word_1_48' title='bbox 912 888 990 964; x_wconf 85' lang='lat' dir='ltr'>ipsc,</span> <span class='ocrx_word' id='word_1_49' title='bbox 1005 907 1071 946; x_wconf 90' lang='lat' dir='ltr'>cum</span> <span class='ocrx_word' id='word_1_50' title='bbox 1084 907 1103 946; x_wconf 88' lang='lat' dir='ltr'>a</span> <span class='ocrx_word' id='word_1_51' title='bbox 1118 888 1215 947; x_wconf 88' lang='lat' dir='ltr'>Medis</span> <span class='ocrx_word' id='word_1_52' title='bbox 1228 907 1304 948; x_wconf 89' lang='lat' dir='ltr'>sem·</span> 
     </span>
     <span class='ocr_line' id='line_1_8' title="bbox 207 988 1305 1066; baseline -0.002 -18"><span class='ocrx_word' id='word_1_53' title='bbox 207 1010 261 1066; x_wconf 89' lang='lat' dir='ltr'>per</span> <span class='ocrx_word' id='word_1_54' title='bbox 284 990 446 1050; x_wconf 77' lang='lat' dir='ltr'>cavendum</span> <span class='ocrx_word' id='word_1_55' title='bbox 468 998 560 1063; x_wconf 85' lang='lat' dir='ltr'>esset,</span> <span class='ocrx_word' id='word_1_56' title='bbox 589 1008 691 1048; x_wconf 87' lang='lat' dir='ltr'>verum</span> <span class='ocrx_word' id='word_1_57' title='bbox 714 989 802 1046; x_wconf 86' lang='lat' dir='ltr'>etiem</span> <span class='ocrx_word' id='word_1_58' title='bbox 824 989 916 1046; x_wconf 88' lang='lat' dir='ltr'>robur</span> <span class='ocrx_word' id='word_1_59' title='bbox 937 988 1133 1065; x_wconf 86' lang='lat' dir='ltr'>Assyriorum</span> <span class='ocrx_word' id='word_1_60' title='bbox 1163 997 1193 1047; x_wconf 87' lang='lat' dir='ltr'>et</span> <span class='ocrx_word' id='word_1_61' title='bbox 1221 988 1305 1047; x_wconf 87' lang='lat' dir='ltr'>nervi</span> 
     </span>
     <span class='ocr_line' id='line_1_9' title="bbox 207 1087 1305 1164; baseline -0.004 -14"><span class='ocrx_word' id='word_1_62' title='bbox 207 1091 310 1150; x_wconf 87' lang='lat' dir='ltr'>ultimo</span> <span class='ocrx_word' id='word_1_63' title='bbox 333 1090 400 1149; x_wconf 86' lang='lat' dir='ltr'>loeo</span> <span class='ocrx_word' id='word_1_64' title='bbox 425 1089 531 1148; x_wconf 89' lang='lat' dir='ltr'>intensi</span> <span class='ocrx_word' id='word_1_65' title='bbox 547 1089 639 1149; x_wconf 82' lang='lat' dir='ltr'>fuisse</span> <span class='ocrx_word' id='word_1_66' title='bbox 654 1089 806 1161; x_wconf 85' lang='lat' dir='ltr'>ridentur,</span> <span class='ocrx_word' id='word_1_67' title='bbox 830 1097 989 1164; x_wconf 78' lang='lat' dir='ltr'>antequem</span> <span class='ocrx_word' id='word_1_68' title='bbox 1012 1097 1190 1147; x_wconf 80' lang='lat' dir='ltr'>corruerent.</span> <span class='ocrx_word' id='word_1_69' title='bbox 1225 1087 1305 1146; x_wconf 88' lang='lat' dir='ltr'>Nom</span> 
     </span>
     <span class='ocr_line' id='line_1_10' title="bbox 208 1188 1306 1268; baseline -0.002 -19"><span class='ocrx_word' id='word_1_70' title='bbox 208 1191 259 1268; x_wconf 91' lang='lat' dir='ltr'>qui</span> <span class='ocrx_word' id='word_1_71' title='bbox 283 1190 543 1250; x_wconf 83' lang='lat' dir='ltr'>Assarbcddonem</span> <span class='ocrx_word' id='word_1_72' title='bbox 567 1190 717 1265; x_wconf 85' lang='lat' dir='ltr'>regnando</span> <span class='ocrx_word' id='word_1_73' title='bbox 740 1196 918 1264; x_wconf 85' lang='lat' dir='ltr'>exceperunt</span> <span class='ocrx_word' id='word_1_74' title='bbox 941 1190 979 1246; x_wconf 84' lang='lat' dir='ltr'>ab</span> <span class='ocrx_word' id='word_1_75' title='bbox 1003 1207 1031 1246; x_wconf 74' lang='lat' dir='ltr'>a</span> <span class='ocrx_word' id='word_1_76' title='bbox 1050 1206 1074 1246; x_wconf 91' lang='lat' dir='ltr'>c.</span> <span class='ocrx_word' id='word_1_77' title='bbox 1098 1192 1163 1260; x_wconf 87' lang='grc'><strong>668,</strong></span> <span class='ocrx_word' id='word_1_78' title='bbox 1190 1189 1245 1246; x_wconf 88' lang='lat' dir='ltr'>sub</span> <span class='ocrx_word' id='word_1_79' title='bbox 1267 1188 1306 1247; x_wconf 91' lang='lat' dir='ltr'>iis</span> 
     </span>
     <span class='ocr_line' id='line_1_11' title="bbox 207 1288 1306 1365; baseline -0.003 -16"><span class='ocrx_word' id='word_1_80' title='bbox 207 1309 324 1350; x_wconf 86' lang='lat' dir='ltr'>cessare</span> <span class='ocrx_word' id='word_1_81' title='bbox 345 1291 404 1350; x_wconf 90' lang='lat' dir='ltr'>situ</span> <span class='ocrx_word' id='word_1_82' title='bbox 421 1290 519 1365; x_wconf 92' lang='lat' dir='ltr'>coepit</span> <span class='ocrx_word' id='word_1_83' title='bbox 534 1289 705 1364; x_wconf 86' lang='lat' dir='ltr'>imperium,</span> <span class='ocrx_word' id='word_1_84' title='bbox 733 1288 842 1360; x_wconf 89' lang='lat' dir='ltr'>donee,</span> <span class='ocrx_word' id='word_1_85' title='bbox 871 1289 1004 1347; x_wconf 92' lang='lat' dir='ltr'>moribus</span> <span class='ocrx_word' id='word_1_86' title='bbox 1031 1288 1127 1364; x_wconf 78' lang='lat' dir='ltr'>magis</span> <span class='ocrx_word' id='word_1_87' title='bbox 1151 1288 1306 1364; x_wconf 82' lang='lat' dir='ltr'>magisque</span> 
     </span>
     <span class='ocr_line' id='line_1_12' title="bbox 208 1387 1306 1466; baseline -0.003 -18"><span class='ocrx_word' id='word_1_88' title='bbox 208 1391 377 1466; x_wconf 82' lang='lat' dir='ltr'>depravatis</span> <span class='ocrx_word' id='word_1_89' title='bbox 400 1390 571 1466; x_wconf 84' lang='lat' dir='ltr'>viribusque</span> <span class='ocrx_word' id='word_1_90' title='bbox 594 1387 762 1460; x_wconf 83' lang='lat' dir='ltr'>exhaustis,</span> <span class='ocrx_word' id='word_1_91' title='bbox 787 1387 950 1447; x_wconf 88' lang='lat' dir='ltr'>coniunctis</span> <span class='ocrx_word' id='word_1_92' title='bbox 968 1388 1121 1445; x_wconf 89' lang='lat' dir='ltr'>Medorum</span> <span class='ocrx_word' id='word_1_93' title='bbox 1138 1396 1228 1464; x_wconf 87' lang='lat' dir='ltr'>atque</span> <span class='ocrx_word' id='word_1_94' title='bbox 1245 1388 1306 1445; x_wconf 83' lang='lat' dir='ltr'>Ba-</span> 
     </span>
     <span class='ocr_line' id='line_1_13' title="bbox 207 1488 1306 1568; baseline -0.003 -19"><span class='ocrx_word' id='word_1_95' title='bbox 207 1490 395 1568; x_wconf 90' lang='lat' dir='ltr'>byloniorum</span> <span class='ocrx_word' id='word_1_96' title='bbox 419 1489 512 1566; x_wconf 89' lang='lat' dir='ltr'>copiis</span> <span class='ocrx_word' id='word_1_97' title='bbox 534 1489 765 1547; x_wconf 86' lang='lat' dir='ltr'>succumberent.</span> <span class='ocrx_word' id='word_1_98' title='bbox 788 1488 900 1546; x_wconf 85' lang='lat' dir='ltr'>Earum</span> <span class='ocrx_word' id='word_1_99' title='bbox 924 1496 1023 1546; x_wconf 86' lang='lat' dir='ltr'>autem</span> <span class='ocrx_word' id='word_1_100' title='bbox 1045 1507 1143 1546; x_wconf 88' lang='lat' dir='ltr'>rerum</span> <span class='ocrx_word' id='word_1_101' title='bbox 1164 1488 1306 1546; x_wconf 87' lang='lat' dir='ltr'>memoria</span> 
     </span>
     <span class='ocr_line' id='line_1_14' title="bbox 206 1587 1306 1666; baseline 0 -18"><span class='ocrx_word' id='word_1_102' title='bbox 206 1591 245 1649; x_wconf 82' lang='lat' dir='ltr'>nd</span> <span class='ocrx_word' id='word_1_103' title='bbox 269 1603 405 1649; x_wconf 85' lang='lat' dir='ltr'>eventum</span> <span class='ocrx_word' id='word_1_104' title='bbox 429 1589 558 1648; x_wconf 80' lang='lat' dir='ltr'>vaticinii</span> <span class='ocrx_word' id='word_1_105' title='bbox 579 1589 721 1665; x_wconf 87' lang='lat' dir='ltr'>pertinet,</span> <span class='ocrx_word' id='word_1_106' title='bbox 752 1594 842 1666; x_wconf 87' lang='lat' dir='ltr'>atque</span> <span class='ocrx_word' id='word_1_107' title='bbox 869 1587 944 1647; x_wconf 81' lang='lat' dir='ltr'>adeo</span> <span class='ocrx_word' id='word_1_108' title='bbox 975 1588 1077 1664; x_wconf 78' lang='lat' dir='ltr'>paullo</span> <span class='ocrx_word' id='word_1_109' title='bbox 1103 1595 1174 1665; x_wconf 88' lang='lat' dir='ltr'>post</span> <span class='ocrx_word' id='word_1_110' title='bbox 1201 1589 1306 1665; x_wconf 87' lang='lat' dir='ltr'>paucis</span> 
     </span>
     <span class='ocr_line' id='line_1_15' title="bbox 206 1690 479 1750; baseline -0.004 -1"><span class='ocrx_word' id='word_1_111' title='bbox 206 1693 261 1750; x_wconf 90' lang='lat' dir='ltr'>erit</span> <span class='ocrx_word' id='word_1_112' title='bbox 278 1690 479 1750; x_wconf 79' lang='lat' dir='ltr'>describenda.</span> 
     </span>
    </p>
   </div>
   <div class='ocr_carea' id='block_1_3' title="bbox 113 1946 1306 2012">
    <p class='ocr_par' dir='ltr' id='par_1_4' title="bbox 113 1946 1306 2012">
     <span class='ocr_line' id='line_1_16' title="bbox 113 1946 1306 2012; baseline -0.003 -12"><span class='ocrx_word' id='word_1_113' title='bbox 113 1979 115 1986; x_wconf 42' lang='grc' dir='ltr'><strong>ν</strong></span> <span class='ocrx_word' id='word_1_114' title='bbox 205 1952 322 2000; x_wconf 85' lang='lat' dir='ltr'>Misraim</span> <span class='ocrx_word' id='word_1_115' title='bbox 340 1949 391 1999; x_wconf 89' lang='lat' dir='ltr'>and</span> <span class='ocrx_word' id='word_1_116' title='bbox 409 1947 508 2011; x_wconf 47' lang='lat' dir='ltr'>ussup*</span> <span class='ocrx_word' id='word_1_117' title='bbox 528 1947 679 1999; x_wconf 84' lang='lat' dir='ltr'>cir.Atben.</span> <span class='ocrx_word' id='word_1_118' title='bbox 691 1946 832 2008; x_wconf 83' lang='lat' dir='ltr'>1853,No.</span> <span class='ocrx_word' id='word_1_119' title='bbox 846 1949 912 1997; x_wconf 90' lang='grc'><strong>1321</strong></span> <span class='ocrx_word' id='word_1_120' title='bbox 930 1963 955 2012; x_wconf 92' lang='lat' dir='ltr'>p.</span> <span class='ocrx_word' id='word_1_121' title='bbox 970 1950 1019 1999; x_wconf 82' lang='grc'>228</span> <span class='ocrx_word' id='word_1_122' title='bbox 1036 1948 1121 2010; x_wconf 81' lang='lat' dir='ltr'>(Febr.</span> <span class='ocrx_word' id='word_1_123' title='bbox 1136 1947 1192 2010; x_wconf 82' lang='lat'>19);</span> <span class='ocrx_word' id='word_1_124' title='bbox 1211 1962 1306 2008; x_wconf 89' lang='lat' dir='ltr'>verum,</span> 
     </span>
    </p>
   </div>
   <div class='ocr_carea' id='block_1_4' title="bbox 203 2031 1307 2848">
    <p class='ocr_par' dir='ltr' id='par_1_5' title="bbox 204 2031 1307 2350">
     <span class='ocr_line' id='line_1_17' title="bbox 204 2031 1307 2097; baseline 0 -15"><span class='ocrx_word' id='word_1_125' title='bbox 204 2035 265 2083; x_wconf 85' lang='lat' dir='ltr'>iicet</span> <span class='ocrx_word' id='word_1_126' title='bbox 287 2047 318 2082; x_wconf 89' lang='lat' dir='ltr'>ea</span> <span class='ocrx_word' id='word_1_127' title='bbox 335 2033 411 2083; x_wconf 91' lang='lat' dir='ltr'>lectio</span> <span class='ocrx_word' id='word_1_128' title='bbox 429 2034 624 2097; x_wconf 89' lang='lat' dir='ltr'>comprobetur,</span> <span class='ocrx_word' id='word_1_129' title='bbox 646 2033 733 2080; x_wconf 87' lang='lat' dir='ltr'>nescio</span> <span class='ocrx_word' id='word_1_130' title='bbox 756 2037 843 2079; x_wconf 85' lang='lat' dir='ltr'>tamen</span> <span class='ocrx_word' id='word_1_131' title='bbox 867 2045 899 2080; x_wconf 90' lang='lat' dir='ltr'>an</span> <span class='ocrx_word' id='word_1_132' title='bbox 923 2045 969 2080; x_wconf 85' lang='lat' dir='ltr'>rex</span> <span class='ocrx_word' id='word_1_133' title='bbox 991 2033 1097 2081; x_wconf 89' lang='lat' dir='ltr'>nimium</span> <span class='ocrx_word' id='word_1_134' title='bbox 1120 2031 1169 2081; x_wconf 88' lang='lat' dir='ltr'>sibi</span> <span class='ocrx_word' id='word_1_135' title='bbox 1186 2031 1307 2082; x_wconf 76' lang='lat' dir='ltr'>iactando</span> 
     </span>
     <span class='ocr_line' id='line_1_18' title="bbox 204 2113 1307 2184; baseline -0.002 -16"><span class='ocrx_word' id='word_1_136' title='bbox 204 2134 337 2182; x_wconf 80' lang='lat' dir='ltr'>arrogasse</span> <span class='ocrx_word' id='word_1_137' title='bbox 355 2118 482 2184; x_wconf 88' lang='lat' dir='ltr'>putandus</span> <span class='ocrx_word' id='word_1_138' title='bbox 501 2119 548 2180; x_wconf 88' lang='lat' dir='ltr'>sit,</span> <span class='ocrx_word' id='word_1_139' title='bbox 572 2131 628 2167; x_wconf 88' lang='lat' dir='ltr'>cum</span> <span class='ocrx_word' id='word_1_140' title='bbox 650 2117 718 2165; x_wconf 83' lang='lat' dir='ltr'>forte</span> <span class='ocrx_word' id='word_1_141' title='bbox 743 2115 855 2177; x_wconf 81' lang='lat' dir='ltr'>aliquem</span> <span class='ocrx_word' id='word_1_142' title='bbox 877 2113 909 2164; x_wconf 92' lang='lat' dir='ltr'>de</span> <span class='ocrx_word' id='word_1_143' title='bbox 927 2117 1063 2181; x_wconf 82' lang='lat' dir='ltr'>Aegyptiis</span> <span class='ocrx_word' id='word_1_144' title='bbox 1081 2117 1213 2166; x_wconf 86' lang='lat' dir='ltr'>victoriam</span> <span class='ocrx_word' id='word_1_145' title='bbox 1237 2130 1307 2166; x_wconf 84' lang='lat' dir='ltr'>asse·</span> 
     </span>
     <span class='ocr_line' id='line_1_19' title="bbox 204 2198 1307 2265; baseline -0.004 -13"><span class='ocrx_word' id='word_1_146' title='bbox 204 2209 276 2252; x_wconf 87' lang='lat' dir='ltr'>cutus</span> <span class='ocrx_word' id='word_1_147' title='bbox 288 2203 386 2253; x_wconf 83' lang='lat' dir='ltr'>brisset.</span> <span class='ocrx_word' id='word_1_148' title='bbox 420 2201 555 2265; x_wconf 89' lang='lat' dir='ltr'>Utcunque</span> <span class='ocrx_word' id='word_1_149' title='bbox 567 2207 619 2262; x_wconf 88' lang='lat' dir='ltr'>est,</span> <span class='ocrx_word' id='word_1_150' title='bbox 636 2199 784 2249; x_wconf 83' lang='lat' dir='ltr'>Thebarum</span> <span class='ocrx_word' id='word_1_151' title='bbox 798 2199 953 2262; x_wconf 76' lang='lat' dir='ltr'>expugnatio</span> <span class='ocrx_word' id='word_1_152' title='bbox 966 2199 1126 2250; x_wconf 90' lang='lat' dir='ltr'>nullomodo</span> <span class='ocrx_word' id='word_1_153' title='bbox 1139 2198 1199 2248; x_wconf 89' lang='lat' dir='ltr'>ideo</span> <span class='ocrx_word' id='word_1_154' title='bbox 1211 2199 1307 2248; x_wconf 81' lang='lat' dir='ltr'>Assar·</span> 
     </span>
     <span class='ocr_line' id='line_1_20' title="bbox 204 2284 787 2350; baseline -0.01 -13"><span class='ocrx_word' id='word_1_155' title='bbox 204 2287 319 2338; x_wconf 89' lang='lat' dir='ltr'>baddoni</span> <span class='ocrx_word' id='word_1_156' title='bbox 337 2287 416 2337; x_wconf 88' lang='lat' dir='ltr'>tribui</span> <span class='ocrx_word' id='word_1_157' title='bbox 432 2291 524 2350; x_wconf 84' lang='lat' dir='ltr'>potest.</span> <span class='ocrx_word' id='word_1_158' title='bbox 543 2285 588 2334; x_wconf 79' lang='lat' dir='ltr'>cfr.</span> <span class='ocrx_word' id='word_1_159' title='bbox 606 2285 675 2334; x_wconf 81' lang='lat' dir='ltr'>inira</span> <span class='ocrx_word' id='word_1_160' title='bbox 691 2299 715 2346; x_wconf 93' lang='lat' dir='ltr'>p.</span> <span class='ocrx_word' id='word_1_161' title='bbox 730 2284 787 2332; x_wconf 90' lang='grc'><strong>100.</strong></span> 
     </span>
    </p>

    <p class='ocr_par' dir='ltr' id='par_1_6' title="bbox 203 2365 1305 2848">
     <span class='ocr_line' id='line_1_21' title="bbox 256 2365 1304 2432; baseline -0.004 -11"><span class='ocrx_word' id='word_1_162' title='bbox 256 2371 281 2432; x_wconf 91' lang='grc'>1)</span> <span class='ocrx_word' id='word_1_163' title='bbox 298 2371 351 2422; x_wconf 80' lang='lat' dir='ltr'>Cir.</span> <span class='ocrx_word' id='word_1_164' title='bbox 368 2369 437 2420; x_wconf 83' lang='lat' dir='ltr'>Nah.</span> <span class='ocrx_word' id='word_1_165' title='bbox 456 2369 483 2429; x_wconf 92' lang='lat'>1,</span> <span class='ocrx_word' id='word_1_166' title='bbox 502 2370 542 2417; x_wconf 90' lang='grc'>12.</span> <span class='ocrx_word' id='word_1_167' title='bbox 565 2367 606 2428; x_wconf 91' lang='lat'>11,</span> <span class='ocrx_word' id='word_1_168' title='bbox 625 2368 665 2416; x_wconf 89' lang='grc'>12.</span> <span class='ocrx_word' id='word_1_169' title='bbox 684 2367 724 2416; x_wconf 91' lang='grc'>13.</span> <span class='ocrx_word' id='word_1_170' title='bbox 747 2365 802 2426; x_wconf 86' lang='grc' dir='ltr'><strong>ΙΙΙ,</strong></span> <span class='ocrx_word' id='word_1_171' title='bbox 822 2366 939 2416; x_wconf 79' lang='grc'><strong>15-17.</strong></span> <span class='ocrx_word' id='word_1_172' title='bbox 963 2366 1020 2416; x_wconf 87' lang='lat' dir='ltr'>coll.</span> <span class='ocrx_word' id='word_1_173' title='bbox 1038 2380 1097 2431; x_wconf 83' lang='lat' dir='ltr'>peg.</span> <span class='ocrx_word' id='word_1_174' title='bbox 1110 2367 1177 2417; x_wconf 88' lang='lat' dir='ltr'>XVI</span> <span class='ocrx_word' id='word_1_175' title='bbox 1189 2381 1223 2417; x_wconf 90' lang='lat' dir='ltr'>ss.</span> <span class='ocrx_word' id='word_1_176' title='bbox 1258 2367 1304 2417; x_wconf 85' lang='lat' dir='ltr'>Se·</span> 
     </span>
     <span class='ocr_line' id='line_1_22' title="bbox 204 2447 1305 2513; baseline -0.006 -8"><span class='ocrx_word' id='word_1_177' title='bbox 204 2455 314 2506; x_wconf 91' lang='lat' dir='ltr'>cundum</span> <span class='ocrx_word' id='word_1_178' title='bbox 336 2458 559 2503; x_wconf 89' lang='lat' dir='ltr'>monumentomm</span> <span class='ocrx_word' id='word_1_179' title='bbox 580 2450 676 2499; x_wconf 86' lang='lat' dir='ltr'>indicia</span> <span class='ocrx_word' id='word_1_180' title='bbox 697 2447 786 2499; x_wconf 69' lang='grc' dir='ltr'><strong>ΒΑΜ..</strong></span> <span class='ocrx_word' id='word_1_181' title='bbox 809 2462 896 2513; x_wconf 77' lang='lat' dir='ltr'>regem</span> <span class='ocrx_word' id='word_1_182' title='bbox 920 2464 1022 2500; x_wconf 90' lang='lat' dir='ltr'>omnem</span> <span class='ocrx_word' id='word_1_183' title='bbox 1044 2457 1170 2500; x_wconf 87' lang='lat' dir='ltr'>terrarum</span> <span class='ocrx_word' id='word_1_184' title='bbox 1195 2457 1305 2500; x_wconf 80' lang='lat' dir='ltr'>tractum</span> 
     </span>
     <span class='ocr_line' id='line_1_23' title="bbox 203 2532 1304 2597; baseline -0.005 -8"><span class='ocrx_word' id='word_1_185' title='bbox 203 2542 270 2590; x_wconf 90' lang='lat' dir='ltr'>inter</span> <span class='ocrx_word' id='word_1_186' title='bbox 297 2539 381 2588; x_wconf 90' lang='lat' dir='ltr'>sinum</span> <span class='ocrx_word' id='word_1_187' title='bbox 401 2536 533 2586; x_wconf 88' lang='lat' dir='ltr'>Persicum</span> <span class='ocrx_word' id='word_1_188' title='bbox 557 2541 583 2584; x_wconf 91' lang='lat' dir='ltr'>et</span> <span class='ocrx_word' id='word_1_189' title='bbox 609 2547 680 2583; x_wconf 86' lang='lat' dir='ltr'>mare</span> <span class='ocrx_word' id='word_1_190' title='bbox 703 2533 825 2597; x_wconf 76' lang='lat' dir='ltr'>Caspium</span> <span class='ocrx_word' id='word_1_191' title='bbox 853 2539 878 2582; x_wconf 90' lang='lat' dir='ltr'>et</span> <span class='ocrx_word' id='word_1_192' title='bbox 899 2532 1118 2584; x_wconf 72' lang='lat' dir='ltr'>Mediterraneum</span> <span class='ocrx_word' id='word_1_193' title='bbox 1143 2535 1304 2584; x_wconf 88' lang='lat' dir='ltr'>interiectum</span> 
     </span>
     <span class='ocr_line' id='line_1_24' title="bbox 203 2617 1305 2683; baseline -0.008 -8"><span class='ocrx_word' id='word_1_194' title='bbox 203 2625 315 2674; x_wconf 87' lang='lat' dir='ltr'>tenuisse</span> <span class='ocrx_word' id='word_1_195' title='bbox 332 2625 470 2672; x_wconf 83' lang='lat' dir='ltr'>assereret.</span> <span class='ocrx_word' id='word_1_196' title='bbox 495 2620 614 2669; x_wconf 83' lang='lat' dir='ltr'>Oetemm</span> <span class='ocrx_word' id='word_1_197' title='bbox 631 2632 684 2668; x_wconf 91' lang='lat' dir='ltr'>non</span> <span class='ocrx_word' id='word_1_198' title='bbox 701 2619 764 2666; x_wconf 87' lang='lat' dir='ltr'>satis</span> <span class='ocrx_word' id='word_1_199' title='bbox 780 2617 877 2666; x_wconf 82' lang='lat' dir='ltr'>multos</span> <span class='ocrx_word' id='word_1_200' title='bbox 894 2617 977 2666; x_wconf 88' lang='lat' dir='ltr'>adhuc</span> <span class='ocrx_word' id='word_1_201' title='bbox 993 2618 1171 2683; x_wconf 81' lang='lat' dir='ltr'>inscriptiones</span> <span class='ocrx_word' id='word_1_202' title='bbox 1188 2623 1305 2681; x_wconf 85' lang='lat' dir='ltr'>repertae</span> 
     </span>
     <span class='ocr_line' id='line_1_25' title="bbox 204 2691 1304 2769; baseline -0.006 -12"><span class='ocrx_word' id='word_1_203' title='bbox 204 2714 277 2768; x_wconf 86' lang='lat' dir='ltr'>sunt,</span> <span class='ocrx_word' id='word_1_204' title='bbox 302 2719 369 2769; x_wconf 89' lang='lat' dir='ltr'>quae</span> <span class='ocrx_word' id='word_1_205' title='bbox 386 2705 418 2755; x_wconf 89' lang='lat' dir='ltr'>de</span> <span class='ocrx_word' id='word_1_206' title='bbox 436 2705 512 2754; x_wconf 89' lang='lat' dir='ltr'>rebus</span> <span class='ocrx_word' id='word_1_207' title='bbox 535 2706 566 2754; x_wconf 88' lang='lat' dir='ltr'>ab</span> <span class='ocrx_word' id='word_1_208' title='bbox 590 2718 621 2752; x_wconf 90' lang='lat' dir='ltr'>eo</span> <span class='ocrx_word' id='word_1_209' title='bbox 643 2701 723 2766; x_wconf 78' lang='lat' dir='ltr'>gestis</span> <span class='ocrx_word' id='word_1_210' title='bbox 745 2691 838 2764; x_wconf 59' lang='lat' dir='ltr'>agant,</span> <span class='ocrx_word' id='word_1_211' title='bbox 860 2701 934 2750; x_wconf 89' lang='lat' dir='ltr'>sicuti</span> <span class='ocrx_word' id='word_1_212' title='bbox 956 2700 989 2750; x_wconf 91' lang='lat' dir='ltr'>de</span> <span class='ocrx_word' id='word_1_213' title='bbox 1005 2701 1128 2752; x_wconf 84' lang='lat' dir='ltr'>Manasse</span> <span class='ocrx_word' id='word_1_214' title='bbox 1144 2701 1304 2764; x_wconf 83' lang='lat' dir='ltr'>Babylonem</span> 
     </span>
     <span class='ocr_line' id='line_1_26' title="bbox 204 2781 1304 2848; baseline -0.009 -6"><span class='ocrx_word' id='word_1_215' title='bbox 204 2791 314 2842; x_wconf 83' lang='lat' dir='ltr'>abducto</span> <span class='ocrx_word' id='word_1_216' title='bbox 332 2788 397 2838; x_wconf 90' lang='lat' dir='ltr'>nibil</span> <span class='ocrx_word' id='word_1_217' title='bbox 415 2789 542 2848; x_wconf 85' lang='lat' dir='ltr'>bucusque</span> <span class='ocrx_word' id='word_1_218' title='bbox 559 2789 691 2837; x_wconf 87' lang='lat' dir='ltr'>inventum</span> <span class='ocrx_word' id='word_1_219' title='bbox 708 2791 755 2834; x_wconf 89' lang='lat' dir='ltr'>est.</span> <span class='ocrx_word' id='word_1_220' title='bbox 790 2781 834 2832; x_wconf 83' lang='lat' dir='ltr'>Ad</span> <span class='ocrx_word' id='word_1_221' title='bbox 856 2782 970 2832; x_wconf 88' lang='lat' dir='ltr'>indolem</span> <span class='ocrx_word' id='word_1_222' title='bbox 992 2790 1078 2834; x_wconf 84' lang='lat' dir='ltr'>sutem</span> <span class='ocrx_word' id='word_1_223' title='bbox 1095 2783 1304 2834; x_wconf 85' lang='lat' dir='ltr'>Assarhaddonis</span> 
     </span>
    </p>
   </div>
   <div class='ocr_carea' id='block_1_5' title="bbox 204 2865 1304 3099">
    <p class='ocr_par' dir='ltr' id='par_1_7' title="bbox 204 2865 1304 3099">
     <span class='ocr_line' id='line_1_27' title="bbox 204 2865 1304 2940; baseline -0.01 -14"><span class='ocrx_word' id='word_1_224' title='bbox 204 2872 408 2940; x_wconf 84' lang='lat' dir='ltr'>perspiciendum</span> <span class='ocrx_word' id='word_1_225' title='bbox 424 2871 504 2922; x_wconf 76' lang='lat' dir='ltr'>refert</span> <span class='ocrx_word' id='word_1_226' title='bbox 520 2870 589 2930; x_wconf 88' lang='lat' dir='ltr'>qnod</span> <span class='ocrx_word' id='word_1_227' title='bbox 605 2869 703 2933; x_wconf 85' lang='lat' dir='ltr'>palatia</span> <span class='ocrx_word' id='word_1_228' title='bbox 719 2865 1015 2918; x_wconf 84' lang='lat' dir='ltr'>vetustaNimrudensia</span> <span class='ocrx_word' id='word_1_229' title='bbox 1031 2868 1170 2930; x_wconf 81' lang='lat' dir='ltr'>destruxit,</span> <span class='ocrx_word' id='word_1_230' title='bbox 1187 2875 1214 2916; x_wconf 87' lang='lat' dir='ltr'>et</span> <span class='ocrx_word' id='word_1_231' title='bbox 1230 2867 1304 2918; x_wconf 84' lang='lat' dir='ltr'>tabu·</span> 
     </span>
     <span class='ocr_line' id='line_1_28' title="bbox 204 2948 1304 3020; baseline -0.007 -12"><span class='ocrx_word' id='word_1_232' title='bbox 204 2961 237 3008; x_wconf 91' lang='lat' dir='ltr'>lis</span> <span class='ocrx_word' id='word_1_233' title='bbox 260 2957 401 3020; x_wconf 81' lang='lat' dir='ltr'>statuisque</span> <span class='ocrx_word' id='word_1_234' title='bbox 423 2954 483 3004; x_wconf 86' lang='lat' dir='ltr'>inde</span> <span class='ocrx_word' id='word_1_235' title='bbox 506 2954 593 3018; x_wconf 90' lang='lat' dir='ltr'>petitis</span> <span class='ocrx_word' id='word_1_236' title='bbox 615 2967 676 3002; x_wconf 87' lang='lat' dir='ltr'>usus</span> <span class='ocrx_word' id='word_1_237' title='bbox 699 2958 739 3002; x_wconf 87' lang='lat' dir='ltr'>est</span> <span class='ocrx_word' id='word_1_238' title='bbox 761 2950 795 3000; x_wconf 83' lang='lat' dir='ltr'>ad</span> <span class='ocrx_word' id='word_1_239' title='bbox 819 2948 995 3000; x_wconf 85' lang='lat' dir='ltr'>exornandam</span> <span class='ocrx_word' id='word_1_240' title='bbox 1016 2952 1126 3014; x_wconf 80' lang='lat' dir='ltr'>regium,</span> <span class='ocrx_word' id='word_1_241' title='bbox 1150 2965 1226 3014; x_wconf 86' lang='lat' dir='ltr'>quam</span> <span class='ocrx_word' id='word_1_242' title='bbox 1249 2953 1304 3014; x_wconf 89' lang='lat' dir='ltr'>ipse</span> 
     </span>
     <span class='ocr_line' id='line_1_29' title="bbox 204 3032 1303 3099; baseline -0.01 -5"><span class='ocrx_word' id='word_1_243' title='bbox 204 3041 331 3094; x_wconf 83' lang='lat' dir='ltr'>Nimmde</span> <span class='ocrx_word' id='word_1_244' title='bbox 347 3038 481 3092; x_wconf 83' lang='lat' dir='ltr'>meridiem</span> <span class='ocrx_word' id='word_1_245' title='bbox 500 3044 526 3086; x_wconf 91' lang='lat' dir='ltr'>et</span> <span class='ocrx_word' id='word_1_246' title='bbox 542 3037 700 3088; x_wconf 87' lang='lat' dir='ltr'>occidentem</span> <span class='ocrx_word' id='word_1_247' title='bbox 717 3050 805 3086; x_wconf 88' lang='lat' dir='ltr'>versus</span> <span class='ocrx_word' id='word_1_248' title='bbox 815 3033 966 3086; x_wconf 84' lang='lat' dir='ltr'>aedificarit.</span> <span class='ocrx_word' id='word_1_249' title='bbox 984 3035 1029 3086; x_wconf 79' lang='lat' dir='ltr'>cir.</span> <span class='ocrx_word' id='word_1_250' title='bbox 1041 3034 1131 3088; x_wconf 62' lang='grc' dir='ltr'>ΒΑΜ.</span> <span class='ocrx_word' id='word_1_251' title='bbox 1141 3032 1210 3086; x_wconf 79' lang='lat' dir='ltr'>Outb</span> <span class='ocrx_word' id='word_1_252' title='bbox 1222 3051 1238 3099; x_wconf 92' lang='lat' dir='ltr'>p</span> <span class='ocrx_word' id='word_1_253' title='bbox 1248 3035 1303 3084; x_wconf 72' lang='lat' dir='ltr'>XL</span> 
     </span>
    </p>
   </div>
   <div class='ocr_carea' id='block_1_6' title="bbox 0 0 1482 4808">
    <p class='ocr_par' dir='ltr' id='par_1_8' title="bbox 0 0 1482 4808">
     <span class='ocr_line' id='line_1_30' title="bbox 0 0 1482 4808; baseline 0 0"><span class='ocrx_word' id='word_1_254' title='bbox 0 0 1482 4808; x_wconf 95' lang='lat' dir='ltr'> </span> 
     </span>
    </p>
   </div>
  </div>
 </body>
</html>
