2954 4808
566 873 767 948 CAPUT
790 875 853 946 Ἡ.

194 1027 250 1092 DE
268 1027 414 1098 RERUM
432 1025 703 1100 JUDAICARUM
719 1031 776 1096 ΕΤ
790 1028 1058 1098 ASSYRlARUM
1076 1029 1230 1107 STATU,

285 1147 291 1160 ·
404 1128 523 1208 QUEM
541 1131 738 1202 SPECTAT
757 1131 1016 1214 VATlClNlUlll.

393 1475 419 1553 §-
437 1481 463 1534 4.
490 1489 539 1539 un
558 1490 782 1543 connrrronn
801 1489 1029 1542 nmnnonmu.

161 1617 285 1714 Sacros
301 1649 504 1710 Israelitarum
519 1633 684 1730 propbetas
701 1661 819 1714 constat
834 1671 895 1711 non
912 1660 1022 1714 temere
1035 1669 1090 1710 uec
1101 1649 1265 1727 nullapro·

160 1761 283 1812 vocatos
308 1751 464 1811 occasione
486 1762 516 1812 et
538 1754 715 1814 necessitate
736 1755 829 1814 fuisse
844 1753 1040 1825 vaticinatos,
1065 1771 1168 1811 verum
1186 1769 1266 1810 aum·

161 1853 218 1912 mis
242 1852 380 1928 deinceps
403 1837 602 1929 temporibus,
626 1874 692 1914 cum
715 1855 884 1932 respublica
905 1853 936 1912 in
958 1853 1090 1930 periculo
1115 1860 1145 1910 et
1161 1851 1266 1911 discri-

162 1953 240 2012 mine
255 1961 434 2027 versaretur,
453 1962 482 2012 et
498 1954 618 2014 humani
636 1955 746 2034 ingenii
770 1965 861 2032 atque
883 1953 999 2014 consilii
1021 1951 1197 2030 impotentia
1221 1952 1267 2011 di-

160 2054 231 2113 uina
251 2055 317 2112 luce
340 2063 369 2112 et
391 2053 505 2113 auxilio
528 2064 636 2132 egeret.
684 2056 754 2116 Hoc
780 2057 857 2115 euim
886 2075 992 2115 munus
1027 2054 1120 2114 sacris
1142 2053 1266 2112 Domini

160 2155 279 2214 vatibus
295 2153 457 2214 iniunctum
474 2164 554 2230 erat,
579 2164 611 2215 ut
633 2157 735 2215 divino
762 2157 868 2234 spiritu
891 2155 1023 2216 instincti
1050 2162 1141 2232 atque
1156 2153 1266 2213 illumi·

161 2256 241 2329 nati,
259 2275 356 2312 rerum
374 2275 393 2314 a
410 2256 465 2314 deo
483 2266 633 2333 gestarum
650 2259 800 2334 explicata
816 2257 932 2316 ratione
945 2265 975 2315 et
988 2257 1152 2314 futurarum
1167 2254 1266 2331 specie

160 2355 333 2433 proposita,
356 2357 506 2431 praesenti
531 2357 637 2436 cuique
660 2360 764 2435 populi
791 2359 881 2420 statui
904 2359 948 2416 ita
970 2357 1209 2428 moderarentur,
1233 2363 1267 2414 nt

162 2458 202 2516 ad
217 2457 451 2533 amplectendam
477 2459 617 2532 salutem,
642 2460 750 2518 sinon
776 2460 914 2518 universa
936 2477 1026 2535 gens,
1051 2458 1145 2516 electa
1166 2465 1265 2516 tamen

161 2558 225 2617 eius
250 2558 359 2616 rudera
382 2560 645 2619 conformarentur.
672 2559 811 2620 Ouiusvis
832 2560 923 2637 igitur
945 2558 1077 2621 vaticinii
1106 2577 1212 2618 caussa
1236 2567 1265 2616 et

163 2659 242 2726 ratio
259 2675 276 2716 e
293 2659 435 2734 temporis
452 2660 498 2718 sui
515 2661 685 2720 conditione
702 2662 830 2720 eruenda
846 2669 900 2720 est

212 2761 277 2818 Iam
293 2779 382 2833 vcro,
400 2760 573 2836 priusquam
591 2761 720 2822 civitatis
737 2761 855 2823 divinae
871 2769 999 2834 statum,
1019 2763 1121 2838 qualis
1132 2761 1265 2821 Nabumi

163 2869 260 2920 aetate
288 2867 366 2932 erat,
390 2861 592 2920 tristissimum
615 2881 650 2922 ac
667 2881 762 2938 paene
785 2864 974 2938 desperatum
992 2878 1178 2936 enarremus,
1204 2882 1265 2922 me·

164 2961 260 3020 moria
276 2961 377 3038 paullo
396 2961 486 3021 altius
502 2963 658 3022 redeamus
675 2972 802 3040 oportet.

213 3062 274 3122 Ubi
291 3062 492 3121 Israelitarum
509 3063 664 3124 historiam
686 3065 754 3123 inde
777 3085 796 3123 a
812 3064 908 3142 primo
931 3061 1041 3141 templo
1065 3064 1204 3123 absoluto
1226 3063 1266 3123 ad
1292 3117 1296 3124 .

164 3163 289 3222 alterum
305 3181 400 3241 usque
418 3163 576 3239 cogitando
595 3165 830 3240 complectimur,
853 3163 949 3224 medio
972 3165 1034 3222 fere
1055 3165 1132 3224 inter
1153 3173 1265 3223 utrum·

166 3284 223 3342 que
244 3265 311 3322 loco
334 3263 518 3322 interiectam
541 3265 673 3324 videmus
689 3265 798 3326 Ussiae
820 3267 899 3343 regis
915 3273 1040 3324 mortem
1057 3263 1099 3339 (a.
1119 3264 1173 3324 Oh.
1191 3266 1266 3343 758).

164 3365 290 3425 Exactis
307 3365 385 3423 enim
400 3365 572 3424 laetissimis
590 3364 760 3427 Salomonis
778 3367 896 3438 diebus,
920 3367 1075 3426 confestim
1093 3367 1187 3442 pestis
1202 3366 1266 3440 illa,

166 3467 230 3526 sub¹
246 3466 400 3542 superficie
422 3465 472 3524 diu
495 3476 633 3543 grassata
656 3477 746 3544 atque
770 3468 917 3527 interdum
944 3469 1044 3543 palam
1074 3468 1267 3544 deprehensa,

166 3586 281 3626 summa
298 3587 363 3626 cum
381 3567 523 3627 violentia
540 3567 652 3645 erupit:
670 3568 783 3627 invidia
800 3569 897 3627 decem
912 3568 1040 3626 tribuum
1057 3587 1127 3645 erga
1141 3568 1268 3626 Iudaeos

167 3667 218 3727 diu
235 3669 366 3728 cohibita
381 3668 617 3744 potentissimam
635 3669 846 3744 rempublicam
863 3669 895 3726 in
919 3669 994 3728 duas
1016 3669 1158 3728 laceravit
1175 3667 1267 3743 parti-

167 3769 266 3842 culas,
291 3777 320 3828 et
338 3769 468 3828 defectus
492 3790 511 3827 a
527 3769 676 3841 Domino,
702 3769 749 3827 cui
773 3767 894 3829 Salomo
927 3769 1054 3845 primum
1085 3769 1268 3842 conniverat,

167 3878 273 3946 postea
295 3888 360 3928 sese
382 3870 482 3946 ipsum
503 3879 606 3945 aperte
627 3870 763 3944 dederat,
788 3871 831 3929 ita
853 3877 957 3928 anctus
983 3877 1041 3940 est,
1068 3869 1153 3927 utin
1175 3887 1267 3946 regno

167 3970 382 4046 Ephraimitico
398 3971 571 4030 idololatria
591 3973 647 4030 rite
664 3970 800 4030 instituta
820 3972 882 4030 fere
906 3970 944 4028 ad
967 3969 1149 4028 eversionem
1173 3989 1269 4048 usque

168 4090 284 4148 semper
301 4072 436 4145 duraret,
462 4071 565 4131 Iudaei
588 4081 685 4132 autem
706 4073 782 4130 inter
798 4071 922 4130 Domini
944 4079 973 4129 et
993 4068 1141 4130 idolorum
1158 4073 1269 4130 cultum

168 4173 305 4249 suspensi
322 4173 411 4231 modo
428 4173 484 4232 hos
507 4173 595 4234 modo
617 4174 701 4232 illum
725 4181 917 4252 sequerentur
924 4193 933 4244 3
957 4179 986 4230 et
1008 4191 1074 4230 cum
1098 4173 1199 4232 decem
1216 4171 1268 4232 tri·

169 4275 266 4334 bubus
283 4275 383 4336 statim
401 4274 598 4335 destinaretur
614 4275 750 4334 interitus
766 4283 857 4356 atque
873 4273 1050 4346 internecio,
1064 4274 1185 4334 Iudaeis
1195 4282 1269 4334 tem·

1029 4394 1047 4430 n
1056 4382 1069 4410 ᾖ
