2954 4784
638 193 711 256 CAP.
725 195 757 270 I,
777 215 804 255 v.
821 200 861 254 12.

699 451 727 489 v.
749 435 790 490 12.

246 579 295 640 Sic
310 582 434 656 loquitur
451 581 609 639 Dominus:
632 582 696 639 lieet
711 584 814 657 intepri
834 591 862 640 et
877 584 921 640 itu
938 583 1019 640 multi
1039 585 1109 652 eim,
1133 586 1175 641 ita
1191 601 1299 660 quoquae

195 683 357 753 tonduntur,
376 691 403 739 et
419 684 560 740 evanuerit
577 713 613 724 ··-
631 690 658 739 et
673 683 738 740 lieet
754 683 904 758 affuerim
921 692 960 753 te,
977 701 1033 740 noo
1050 684 1178 758 afflipum
1196 694 1223 742 te
1238 705 1300 743 um·

191 783 275 858 plius.
317 781 447 841 Illustris
463 780 656 858 interpretum
674 782 809 842 dissensu
827 801 945 856 versus,
970 801 1006 842 eo
1030 783 1176 858 maxime,
1201 792 1300 845 utrum

194 883 234 941 ad
250 881 378 942 Iudaeos
396 883 441 941 au'
451 882 496 942 ad‘
508 882 654 960 Assyrios
671 882 718 941 vel
734 891 893 962 utrumque
909 884 1090 958 membrum,
1108 885 1156 944 vel
1173 885 1299 960 ultorum

194 983 290 1043 solum
307 981 492 1041 referendum
509 983 556 1042 sit.
600 981 685 1056 Nos,
708 983 781 1062 quid
798 1003 815 1042 e
831 983 972 1045 stabilitis
996 1003 1052 1044 usu
1067 985 1228 1044 'verborum
1245 1005 1299 1046 no-

193 1083 326 1142 tionibus
350 1083 518 1155 elioiumus,
542 1082 717 1144 videbimus.
762 1082 903 1145 Sollenue
924 1083 1043 1144 vatibus
1066 1084 1183 1144 dioeudi
1206 1103 1300 1165 genus

192 1183 223 1243 'rr
235 1199 298 1243 ubet
311 1199 369 1256 uz,
393 1183 463 1243 lieet
480 1183 596 1257 omniu,
616 1203 692 1261 quae
705 1185 898 1260 praedicant,
915 1185 1056 1245 instino'ta
1072 1185 1212 1246 divinitus
1229 1187 1298 1262 sint,

195 1291 292 1342 temen
314 1282 370 1357 iis,
402 1303 479 1362 quae
504 1292 681 1361 sequuntur,
711 1285 905 1362 praecipuum
925 1285 1044 1362 pondus
1067 1295 1097 1345 et
1120 1285 1297 1364 gravitatem

193 1383 290 1457 addit,
318 1383 465 1462 simulque
481 1383 598 1444 animos
614 1393 693 1444 metu
715 1386 869 1461 perculsos
891 1386 930 1444 ad
953 1385 1037 1461 spem
1060 1385 1165 1446 sulutis
1181 1387 1299 1446 fortiter

192 1484 428 1560 amplectendam
445 1485 547 1544 divina
563 1486 676 1544 excitat
692 1485 877 1546 auctoritate.
912 1480 1023 1547 nbwiu
1040 1485 1117 1546 ooni.
1131 1486 1192 1546 Kul
1211 1507 1299 1546 unam

191 1585 282 1644 habet
298 1593 491 1660 potestatem:
514 1586 662 1664 integrum
679 1605 761 1660 esse,
779 1605 834 1645 neo
849 1605 934 1648 secus
951 1587 1010 1646 adi.
1025 1579 1096 1678 obt?
1118 1605 1185 1648 eum
1202 1597 1297 1661 notat,

193 1685 240 1745 oui
264 1685 338 1744 nihil
362 1687 459 1760 deest,
482 1687 628 1765 integrum
635 1707 645 1760 3
675 1687 729 1746 uir.
752 1688 889 1764 exempla
912 1685 1073 1764 probantia
1098 1688 1191 1748 multu
1216 1689 1297 1765 apud

193 1784 397 1847 Goossurruu
421 1806 451 1863 p.
472 1790 537 1846 1645
556 1805 597 1846 ss.
647 1787 782 1846 Afferunt
809 1787 928 1865 quidem
952 1787 1069 1848 Gnsnu.
1092 1789 1242 1849 Haudwb.
1268 1799 1299 1848 et

192 1887 452 1947 Meumflandwb.
461 1879 613 1946 notionem
626 1886 752 1963 pacifici,
768 1889 943 1964 praesertim
957 1888 1007 1947 ubi
1019 1888 1135 1966 legatur
1147 1888 1239 1950 'rr’nv
1249 1888 1295 1967 ἰν,

192 1989 225 2046 iu
241 2005 315 2064 paee
331 2007 397 2047 eum
414 1988 471 2047 deo
488 1988 602 2060 vivere;
627 1997 659 2048 at
675 1987 791 2047 monuit
806 1988 866 2048 ium
883 1988 1018 2048 Knmrus
1034 1990 1073 2048 ad
1092 1989 1194 2065 lReg.
1208 1987 1293 2061 VIII,

192 2094 224 2161 63
250 2089 311 2162 XI,
328 2095 361 2162 4;
386 2089 458 2162 XV,
474 2093 501 2148 3.
518 2093 536 2148 4
559 2089 726 2166 significare
741 2088 842 2165 potius
864 2089 995 2148 animum
1019 2089 1076 2149 soli
1093 2088 1225 2148 Domino
1244 2089 1294 2146 de-

192 2189 303 2263 ditum,
326 2209 381 2250 neo
402 2189 479 2248 inter
501 2190 631 2249 seculum
649 2190 794 2267 deumque
815 2207 991 2266 suspensum
997 2210 1006 2262 ;
1030 2188 1168 2266 idemque
1189 2205 1295 2248 sensus

190 2291 401 2367 praeferendus
418 2299 481 2363 est,
499 2290 551 2348 ubi
568 2290 651 2350 deest
667 2289 786 2368 quidem
802 2290 913 2364 ’.π’ῦν,
932 2290 985 2349 sed
1001 2309 1018 2348 e
1034 2309 1114 2348 nexu
1131 2287 1295 2348 senteutie-
1387 2315 1394 2325 ·

191 2411 257 2449 rum
278 2391 402 2450 Domini
425 2391 567 2468 cogitatio
590 2402 716 2468 apparet
738 2409 804 2450 esse
826 2391 1010 2468 supplenda:
1037 2389 1141 2468 IReg.
1155 2389 1235 2462 XX,
1259 2392 1293 2461 3;

193 2492 322 2553 lParul.
335 2492 488 2565 XXVIII,
507 2497 539 2564 93
565 2492 696 2551 2Paral.
710 2491 801 2565 XVI,
819 2496 835 2550 9
858 2490 942 2568 (XV,
962 2496 993 2549 17
1017 2511 1097 2550 mere
1119 2489 1182 2550 e'stt
1213 2490 1294 2549 ineo·

191 2593 311 2672 lumis),
334 2593 387 2652 eir.
404 2593 463 2652 Ies.
476 2592 663 2666 XXXVIII,
681 2595 713 2650 3:
741 2593 810 2664 „fao
826 2592 1041 2666 reminisceris,
1060 2611 1107 2650 me
1124 2591 1295 2652 ambulasse

192 2693 224 2752 in
242 2697 469 2770 eonspeutu'tno
487 2692 518 2752 in
534 2692 661 2752 veritate
685 2700 715 2750 et
739 2712 803 2751 oum
829 2693 928 2751 animo
951 2693 1068 2771 integro
1075 2697 1112 2765 ;“
1138 2712 1193 2752 neo
1215 2713 1295 2752 oom-

192 2794 335 2854 mutanda
352 2793 528 2871 significatio
546 2803 590 2854 est
608 2793 684 2854 Gen.
698 2793 848 2867 XXXIV,
866 2798 915 2851 21:
952 2799 1088 2866 „suntne
1105 2793 1162 2852 viri
1178 2793 1223 2851 illi
1241 2812 1294 2852 no·

192 2895 306 2956 bisoum
322 2903 387 2954 toto
405 2913 444 2953 ex
460 2895 605 2955 animo?“
645 2893 805 2970 Integritas
829 2901 927 2952 autem
945 2893 1052 2953 dicitur
1074 2912 1135 2952 nou
1152 2894 1189 2952 de
1206 2892 1295 2952 mori·

192 2997 263 3064 bus,
282 2995 334 3055 sed
351 2995 388 3054 de
404 3014 543 3069 numero,
560 2994 605 3052 uti
622 3001 705 3071 putet
721 3013 760 3052 ex
772 2993 964 3071 sequentibus
984 3008 1056 3052 ntur
1071 3006 1126 3070 ῑῡπ.
1153 2990 1207 3053 Sin
1223 2995 1297 3052 haee

192 3097 276 3156 verbi
293 3095 375 3155 notio
393 3104 454 3169 est,
480 3095 584 3156 referri
606 3095 688 3154 nullo
712 3094 800 3153 modo
822 3094 862 3153 ad
878 3093 1006 3152 Iudaeos
1023 3099 1138 3168 potest;
1163 3093 1207 3151 uti
1229 3111 1296 3169 per-

191 3217 294 3274 peram
311 3196 401 3256 vertit
417 3197 540 3256 qurus:
570 3195 618 3269 „si
640 3213 744 3272 paoem
766 3194 932 3254 voluissent
948 3192 1111 3270 (metum),
1138 3193 1182 3252 ita
1206 3192 1296 3252 etiem

192 3297 277 3358 multi
294 3296 439 3368 fuissent,
457 3305 510 3356 aut
525 3296 652 3356 fuissent
667 3296 711 3354 ita
727 3293 822 3369 tonsi,
839 3303 873 3353 ut
886 3275 1294 3372 transivisset(dssyrius)l“

192 3399 255 3472 vel,
272 3407 306 3458 ut
323 3396 506 3458 tolerabilius
523 3397 700 3456 Kmnnsxrt
725 3395 774 3470 „si
791 3396 906 3456 sineere
922 3414 970 3454 me
986 3394 1163 3468 coluissent,
1181 3395 1249 3454 ideo
1267 3403 1297 3454 et

192 3505 330 3577 potentes
351 3498 502 3559 fuissent“
519 3506 574 3558 eto.
609 3495 716 3576 Neque
731 3515 804 3556 vero
827 3516 894 3556 oum
910 3495 1056 3554 Muteno
1078 3494 1122 3554 ita
1137 3495 1297 3555 referemus
1321 3557 1324 3563 ,

192 3601 232 3660 ad
249 3599 395 3677 Assyrios
411 3600 517 3658 verba:
543 3598 592 3672 „si
608 3597 708 3674 putati
724 3605 809 3672 sunt,
827 3615 901 3674 paee
918 3596 980 3655 ulta
996 3602 1087 3673 atque
1103 3594 1172 3654 hino
1190 3594 1297 3653 fluente

191 3699 391 3778 prosperitate
415 3699 495 3758 omni
517 3699 674 3758 fruentes“
692 3707 764 3771 eto,
788 3698 820 3756 id
845 3697 925 3776 quod
949 3715 968 3754 a
989 3713 1061 3753 vera
1078 3694 1161 3754 voeis
1177 3694 1299 3752 notione

192 3802 353 3862 abhorrere
370 3797 497 3859 vidimus
507 3799 525 3858 ¹.
569 3797 721 3875 Expedita
741 3797 885 3858 enuntiati
908 3795 985 3855 ratio
1004 3803 1062 3854 est:
1093 3792 1163 3852 lieet
1189 3794 1297 3871 integri

193 3903 254 3962 sint
272 3900 406 3979 Assyrii,
431 3901 519 3960 etita
536 3900 636 3972 multi,
655 3909 709 3959 eto.
752 3911 848 3975 ῑπιῡ
866 3917 885 3955 a
903 3897 1067 3956 Vulturno
1086 3903 1165 3954 reete
1188 3895 1231 3957 sio
1247 3895 1297 3954 de·

246 4141 270 4205 1)
288 4143 495 4194 Priuernati.
514 4159 538 4207 p.
551 4145 584 4194 30
596 4157 628 4193 ss.
647 4143 740 4193 colluto
758 4127 834 4227 μ,
858 4145 940 4208 speeie
958 4144 1068 4208 quedam
1087 4123 1185 4193 arboris
1202 4142 1296 4194 aculeis

193 4229 301 4292 insigni,
318 4229 455 4294 imaginem
474 4228 603 4292 spinarum
623 4241 731 4278 eversu
750 4229 818 4277 ΙΟΜ0
837 4227 972 4292 repetitam
992 4229 1130 4278 existimat.
