2954 4784
180 184 229 261 42
590 195 754 276 cinna
770 200 880 254 12-14.

180 400 280 441 sacras
303 381 459 454 exhibent,
488 379 582 440 Beltis
606 399 629 441 s.
648 381 787 440 Astartes
809 378 962 457 symbola,
985 380 1063 440 binis
1087 381 1284 440 circumdatas

179 482 322 542 Assaraci
339 501 363 542 s.
382 481 485 541 Baulis
502 482 672 557 speciebus,
700 499 775 558 quas
792 481 822 539 in
839 473 876 540 V.
890 479 947 540 To.
965 480 1096 552 Nisroch
1114 481 1284 557 appellatas

179 582 323 655 vidimus,
345 582 426 642 viros
444 583 510 640 dico
533 583 631 659 capite
653 582 786 658 aquilino
809 589 839 641 et
860 580 916 642 alls
938 581 1105 657 praeditos3
1129 590 1285 658 praeterea

179 683 258 760 regis
276 691 420 759 expresse
436 685 532 761 figura
549 691 609 756 est,
627 681 763 742 instructi
780 682 819 741 ad
836 681 1040 741 adorationem
1057 683 1120 756 dei,
1144 681 1227 742 cuius
1244 701 1284 742 ex

180 783 257 842 collo
276 785 406 861 quinque
421 783 552 860 pendent
562 783 714 864 symbola,
732 783 876 860 imagines
890 783 978 856 solis,
996 784 1100 856 lunae,
1119 782 1282 857 stellarum,

180 885 251 961 pili,
270 903 330 962 quo
348 885 389 942 dii
405 886 681 956 fereexoruantur,
700 884 826 961 deanue
842 882 970 944 bidentis
983 883 992 916 ¹
1001 905 1009 956 3
1032 892 1137 961 portas
1153 882 1216 942 bini
1233 903 1284 942 cu·

179 984 312 1044 stodiunt
328 985 423 1060 tauri,
448 985 545 1060 capite
561 985 691 1043 humano
713 984 828 1062 alisque
844 984 960 1062 magnis
977 985 1118 1061 praediti,
1142 1001 1219 1060 quos
1236 1003 1283 1042 re-

179 1085 257 1144 ferre
273 1085 457 1147 cherubinos
474 1086 577 1163 negari
594 1085 705 1164 nequit.
745 1083 879 1162 Speciem
895 1084 1065 1146 universam
1084 1084 1206 1146 sacrarii
1223 1085 1283 1145 As-

180 1187 289 1263 syriaci
300 1187 454 1246 restituere
467 1195 589 1246 conatus
603 1187 830 1258 esthrnRDUS,
842 1187 892 1244 the
905 1194 1092 1246 monuments
1106 1185 1141 1243 of
1146 1184 1283 1244 Nineveh

179 1287 243 1346 tab.
258 1286 298 1346 11.
323 1321 360 1331 —-
394 1289 445 1347 Ex
467 1287 540 1347 aede
560 1288 651 1364 igitur
673 1285 821 1345 idolorum
845 1287 999 1348 exscindet
1019 1287 1167 1346 Dominus
1192 1285 1283 1345 simu·

169 1385 260 1447 'lucra
277 1397 388 1448 eorum.
425 1406 486 1451 nun
504 1407 618 1461 secare,
636 1387 824 1461 abscindere,
843 1386 894 1446 Hi.
912 1371 1117 1464 exstinguere,
1141 1387 1178 1444 de
1193 1386 1283 1446 idolis

180 1488 286 1560 dicitur
302 1489 374 1548 Lev.
386 1488 510 1562 XXVI,
529 1493 577 1561 30;
595 1489 682 1548 Mich.
698 1487 736 1560 V,
756 1492 804 1560 123
823 1486 910 1548 Such.
924 1487 1017 1561 XIII,
1035 1493 1061 1546 2.
1087 1483 1146 1550 bon
1161 1485 1284 1563 proprie

179 1589 402 1674 fundamentum
419 1589 555 1666 sculptile
571 1590 699 1662 indicat,
717 1589 763 1648 cui
779 1587 943 1665 imponitur
958 1589 1057 1666 imago
1070 1587 1168 1648 fusiIIs
1182 1602 1281 1661 nabo,

180 1689 233 1749 cfr.
258 1688 322 1748 Iud.
336 1691 442 1764 XVII,
460 1697 492 1761 43
515 1691 639 1764 XVIII,
659 1694 700 1748 14.
719 1695 760 1750 17.
778 1694 826 1761 203
854 1689 920 1749 coll.
944 1688 1101 1748 Huncsra
1119 1688 1210 1748 Beitr.
1224 1687 1281 1762 III,

180 1808 210 1866 p.
226 1795 259 1848 94
272 1808 327 1862 ss.;
346 1790 450 1850 deinde
466 1791 561 1869 partis
578 1810 685 1851 nomen
698 1792 875 1852 transfertur
891 1791 930 1850 ad
947 1797 1057 1864 totum,
1076 1790 1158 1848 etde
1176 1789 1283 1866 quavis

182 1889 228 1948 dei
245 1890 374 1967 imagine
391 1893 471 1952 valet
487 1891 585 1951 Exod.
599 1893 678 1966 XX,
697 1897 728 1964 ‘13
751 1892 926 1951 coniunctae
948 1890 1028 1949 haud
1045 1909 1114 1948 roro
1136 1897 1284 1967 apparent

181 2009 269 2050 voces
291 1990 379 2050 Deut.
399 1994 505 2065 XVII,
531 1996 576 2066 153
611 1993 675 2052 Iud.
695 1992 801 2064 XVII,
827 1995 852 2050 3.
877 1996 908 2065 43
939 1991 1062 2064 XVIII,
1087 1995 1118 2048 17
1136 2009 1192 2063 ss.;
1222 1991 1281 2050 les.

180 2092 329 2165 XLVIII,
347 2097 373 2151 5.
413 2095 470 2154 Est
493 2101 590 2152 autem
613 2094 644 2152 in
668 2095 715 2152 his
732 2093 830 2169 verbIs
856 2091 1005 2170 egregium
1028 2081 1149 2152 talionIs
1166 2092 1284 2150 diuinae

181 2193 364 2269 exemplum:
398 2214 468 2254 nam
490 2195 635 2272 Assyrios
665 2195 791 2254 ellurum
815 2195 946 2271 gentium
968 2192 1126 2253 simulacra
1148 2201 1178 2250 et
1202 2193 1284 2251 idola

181 2294 359 2368 exscidisse,
385 2315 446 2354 non
468 2296 556 2354 modo
581 2295 710 2355 elles.
734 2294 857 2367 scimus,
882 2295 934 2353 cfr.
953 2293 1057 2370 sasg.
1069 2294 1164 2367 XIX,
1186 2297 1216 2350 17
1229 2311 1281 2367 ss,

181 2413 282 2453 verum
307 2394 338 2452 in
361 2395 435 2471 ipsis
453 2397 542 2456 etium
560 2415 661 2455 eorum
685 2396 881 2455 monumentis
900 2395 1050 2466 ridemus,
1074 2394 1126 2454 ubi
1150 2402 1210 2456 tres
1228 2393 1283 2452 mi-

179 2495 246 2553 lites
276 2495 426 2556 securibus
452 2497 621 2574 percutiunt
646 2497 835 2556 simulacrum
866 2496 914 2554 dei
944 2495 1096 2555 cuiusdam
1125 2493 1282 2578 peregrini,

179 2595 290 2672 aliique
309 2596 459 2658 abscissas
481 2597 643 2674 particulas
665 2595 865 2674 ponderant²;
892 2597 995 2656 eodem
1017 2595 1107 2654 modo
1130 2595 1190 2654 iam
1217 2589 1283 2654 cum

178 2695 312 2771 ipsorum
324 2696 413 2756 idolis
426 2707 539 2777 egetur.
548 2731 586 2742 -
607 2712 688 2777 :paup
702 2711 785 2758 namn
799 2697 923 2757 diversis
936 2696 1100 2756 rationibus
1113 2696 1282 2772 expositum

180 2803 233 2855 est.
274 2796 302 2873 1)
319 2797 466 2872 Fuerunt,
490 2799 541 2877 qui
559 2799 725 2876 sepulcrum
749 2798 846 2857 solum
869 2817 934 2858 esse
957 2797 1102 2856 obiectum
1126 2797 1283 2856 contende·

179 2904 245 2955 rent
267 2898 351 2957 verbi
371 2913 470 2972 namu,
502 2908 592 2976 atque
614 2899 688 2959 adeo
716 2898 759 2957 sic
783 2907 944 2958 verterent:
974 2899 1089 2975 parabo
1116 2898 1282 2975 sepulcrum

179 3007 261 3056 tuum
278 2999 407 3076 (Mnus,
425 3001 546 3079 Hrrz.):
564 3000 595 3059 id
614 3001 694 3078 quod
712 2999 785 3059 satis
801 2999 936 3078 lauguet3
958 3000 989 3077 2)
1007 2999 1072 3073 alii,
1092 2999 1164 3076 quia
1180 3017 1282 3058 acceu-

179 3106 227 3157 tus
255 3098 378 3174 docent,
408 3102 481 3160 baec
505 3102 597 3160 verba
619 3121 684 3161 esse
713 3100 916 3178 coniungenda
940 3119 1006 3158 cum
1031 3099 1281 3173 antecedentibus,

178 3199 286 3258 autad
309 3207 479 3279 utrumque,
503 3201 639 3279 sculptile
664 3211 694 3260 et
715 3201 818 3274 fusile,
843 3201 1004 3261 retulerunt
1021 3191 1226 3275 verbum,‘ita
1249 3208 1283 3259 ut

179 3298 226 3356 vel
240 3300 413 3360 adverbum
427 3303 561 3379 superius
576 3303 684 3362 dictum
699 3317 792 3364 nanas
802 3310 910 3362 temere
923 3301 1094 3376 supplerent
1107 3302 1173 3361 suff.
1189 3317 1209 3380 η
1229 3321 1280 3358 -2

178 3398 350 3458 exscindam
367 3410 412 3477 te,
430 3404 567 3480 sculptile
584 3412 613 3462 et
629 3403 717 3462 fusile
733 3403 840 3462 faciam
858 3401 1025 3479 sepulcrum
1043 3409 1124 3460 tuum
1141 3401 1280 3480 (Busa),

179 3499 226 3558 vel
256 3510 289 3560 ut
319 3502 406 3562 tacite
435 3505 594 3581 repetenda
621 3503 825 3562 existimarent
844 3504 909 3564 'eoi
932 3503 960 3560 'o
980 3501 1153 3580 (Eunus),
1179 3503 1280 3580 idque,

178 3635 379 3646 *—

230 3709 255 3772 1)
273 3712 324 3762 Ofr.
336 3714 399 3764 Lnr.
416 3713 463 3763 l.1.
480 3713 523 3776 fig.
537 3716 578 3764 78.
607 3712 766 3776 significatio
783 3713 873 3765 barum
890 3715 1044 3778 imaginum,
1062 3729 1128 3780 quas
1139 3713 1210 3764 baud
1222 3727 1282 3764 raro

178 3798 338 3862 reperiuntur
354 3800 382 3848 in
399 3799 493 3848 tabulis
510 3800 676 3863 Assyrimum
693 3796 748 3861 (cfr.
765 3800 828 3850 Lnr.
846 3799 890 3849 tbe
907 3807 1069 3850 monuments
1087 3800 1118 3850 of
1131 3799 1192 3850 Ilia.
1210 3799 1281 3850 tabb.

179 3882 328 3932 lo.1³.14.
347 3885 388 3932 27.
406 3883 448 3932 31.
466 3883 508 3932 48.
526 3883 568 3932 53.
584 3882 628 3942 59)
644 3883 759 3934 nondum
775 3884 909 3934 enucleata
925 3886 989 3934 satis
1007 3885 1120 3948 videtum
1137 3884 1282 3936 referuntur

176 3981 193 4015 a
215 3967 394 4018 Gnornrsnmo
417 3967 434 4015 l.
451 3967 468 4015 l.
487 3967 540 4032 μθ
563 3967 597 4016 sd
619 3969 730 4032 qumque
752 3969 884 4018 numinum
907 3971 1033 4020 maiorum
1056 3969 1185 4031 crdInem3
1211 3967 1281 4018 haud

177 4065 235 4101 raro
253 4059 340 4102 tamen
357 4058 476 4102 ornatum
497 4058 597 4102 tantum
620 4055 756 4118 praebent,
780 4055 859 4105 veluti
876 4055 975 4120 parvuli
997 4055 1065 4105 solos
1088 4060 1114 4104 et
1136 4053 1214 4104 lunae
1230 4053 1281 4104 les.

176 4135 231 4198 111,
250 4139 290 4186 18.

227 4220 253 4280 2)
271 4219 323 4270 Cfr.
342 4219 438 4270 Boron
456 4222 472 4270 l.
491 4221 507 4270 l.
526 4237 550 4286 p.
563 4222 620 4272 163.
