2954 4808
218 284 291 324 cxvi
551 265 793 322 Processimus.
819 263 891 321 Car.
910 263 964 318 ΙΙΙ.

218 450 305 508 nibus
329 457 355 506 01
375 446 485 505 divitiis
504 447 639 506 evacuari
657 448 799 523 conspicit
822 467 849 504 v.
868 452 915 504 ss—
928 451 976 518 ll,
1000 453 1089 521 atque
1107 445 1181 502 adeo
1204 447 1318 521 magni·

217 549 434 608 ficentissimam
454 549 552 636 urbem
572 549 749 607 destructam
767 549 861 605 iacere
879 555 968 624 atque
987 546 1149 604 desolatam
1168 567 1194 604 v.
1210 551 1315 604 12-14.

217 653 317 726 Atque
333 649 364 706 in
382 668 416 707 ea
433 650 531 724 specie
548 649 740 708 describenda
764 650 805 706 ita
822 658 971 720 versatur,
996 657 1043 718 ut,
1070 647 1315 723 quemadmodum

217 751 303 826 primi
320 749 426 825 capitis
442 749 527 807 initio
545 751 583 808 ad
600 750 709 808 fontem
728 749 827 807 iudicii
851 759 880 806 et
902 749 1124 805 fundamentum
1148 747 1247 804 omnia
1270 767 1316 804 re-

218 851 353 922 vocavit,
372 850 414 907 ita
431 851 517 907 finem
535 851 582 907 hic
599 851 805 924 praestitutum
823 850 984 924 praefigat,
1003 866 1080 923 quo,
1101 867 1176 923 quae
1190 866 1316 923 sequan-

217 959 273 1022 tur,
293 950 353 1008 sint
369 951 537 1008 referunda:
564 951 684 1008 Israelis
707 951 783 1007 enim
807 949 977 1007 liberandae
994 967 1099 1006 caussa
1117 956 1200 1005 tanta
1217 948 1316 1006 clades

216 1051 358 1127 infligitur
383 1051 531 1126 Assyriis,
557 1051 608 1128 qui
627 1051 743 1110 ¹frustra
764 1051 966 1126 refragantur,
992 1047 1143 1122 cumipse
1168 1048 1316 1106 Dominus

218 1151 328 1210 scelera
346 1169 416 1226 erga
433 1161 548 1226 gentem
566 1171 649 1211 suam
667 1151 824 1210 commissa
842 1151 881 1208 sit
898 1151 1021 1208 ulturus.

267 1251 343 1308 Tum
358 1270 444 1322 ver0,
465 1251 569 1310 defixis
586 1253 617 1309 in
630 1262 759 1310 atrocem
772 1251 929 1326 imaginem
943 1249 1052 1326 ingenii
1066 1248 1174 1319 oculis,
1194 1266 1316 1306 caussas

216 1351 342 1427 primum
366 1351 466 1422 affert,
495 1353 571 1409 unde
599 1353 746 1410 excidium
772 1353 852 1410 urbis
874 1351 1063 1426 repetendum
1092 1350 1144 1420 sit,
1174 1368 1237 1424 cap.
1259 1349 1315 1418 ΙΙΙ,

215 1473 244 1510 v.
261 1457 326 1509 1-7.
352 1451 431 1510 Fieri
449 1453 526 1510 enim
544 1453 660 1529 nequit,
679 1454 749 1530 quin
768 1462 864 1511 truces
883 1451 979 1510 sicarii
998 1451 1172 1520 caedantur,
1192 1470 1218 1506 v.
1237 1453 1314 1520 1-3,

216 1553 356 1610 meretrix
374 1561 486 1624 autem,
506 1572 582 1630 quae
599 1554 768 1630 praestigiis
787 1553 848 1612 suis
866 1561 967 1629 gentes
984 1551 1128 1628 perdidit,
1154 1550 1317 1625 ignominia

216 1662 245 1710 et
262 1661 339 1711 tetra
356 1653 551 1712 denudatione
561 1654 807 1729 puniamus-7.
822 1656 868 1711 Ac
881 1673 917 1711 ne
930 1651 997 1729 quis
1015 1651 1215 1709 concludendo
1234 1651 1315 1707 illam

216 1753 329 1812 cladem
347 1753 451 1812 00111101
475 1762 504 1812 01
527 1762 587 1812 tam
605 1763 753 1830 potentem
770 1763 885 1831 gentem
902 1754 982 1812 haud
999 1753 1042 1812 ita
1064 1752 1150 1811 facile
1174 1750 1314 1810 debellari

217 1854 369 1928 opinetur,
392 1852 562 1912 Thebarum
585 1856 721 1932 exemplo
745 1855 900 1931 proposito
924 1875 951 1911 v.
966 1859 1069 1925 8-10,
1094 1852 1237 1922 ostendit,
1261 1852 1315 1908 ho-

216 1954 419 2012 munculorum
441 1955 591 2029 praesidia
615 1964 644 2013 et
669 1956 871 2015 fortitudinem
894 1955 1023 2014 Domino
1054 1955 1229 2012 adversante
1260 1972 1315 2027 pro

215 2055 306 2112 nihilo
324 2071 388 2114 esse
406 2075 434 2113 v.
451 2059 560 2112 11-13.
585 2057 665 2129 imo,
690 2065 802 2134 quanto
826 2055 960 2131 potentia
977 2055 1021 2112 illi
1044 2063 1073 2112 et
1092 2053 1198 2130 opibus
1216 2061 1245 2112 et
1262 2073 1315 2110 nu*

215 2174 297 2213 mero
314 2155 469 2214 videantur
486 2155 615 2231 pollere,
639 2165 722 2216 tanto
745 2156 960 2216 immensiorem
980 2164 1121 2232 tantoque
1139 2155 1315 2213 atrociorem

214 2256 280 2314 fore
296 2256 409 2314 cladem
431 2257 575 2333 praedicit
596 2278 624 2315 v.
641 2263 753 2328 14-17,
779 2259 822 2316 ita
846 2265 878 2315 ut
897 2258 935 2314 ob
955 2257 1058 2332 ingens
1077 2255 1229 2330 imperium
1248 2255 1315 2312 fun-

214 2356 293 2414 ditus
311 2356 439 2415 deletum
454 2357 621 2418 universum
638 2360 797 2416 humanum
816 2377 908 2433 genus
926 2358 1055 2416 exsultet
1074 2365 1163 2432 atque
1180 2357 1314 2427 laetetur,

214 2476 242 2513 v.
264 2459 303 2513 18.
325 2461 364 2514 19.

282 2555 366 2628 Quae
388 2575 452 2615 cum
476 2557 518 2618 ita
544 2559 616 2632 sint,
638 2578 725 2617 unam
750 2577 874 2634 eamque
897 2560 1042 2636 integram
1068 2557 1233 2616 orationem
1250 2566 1315 2615 1010

213 2655 291 2713 libro
310 2658 514 2734 comprehendi
533 2659 741 2736 intelligimus,
761 2660 1008 2735 quemadmodum
1027 2659 1161 2734 praefixa
1178 2659 1208 2716 111
1227 2658 1313 2716 titulo

214 2757 305 2815 verba
323 2757 448 2816 dilucide
464 2769 591 2818 monent.
618 2759 723 2836 Neque
740 2779 810 2816 vero
824 2761 955 2818 Ewanm
974 2758 1123 2836 sequenda
1139 2759 1216 2816 ratio
1234 2758 1316 2817 vide·

214 2864 271 2929 tur,
291 2857 342 2934 qui
359 2859 402 2916 ita
419 2868 624 2934 argumentum
644 2861 811 2932 distribuit,
831 2870 864 2920 ut
881 2871 948 2920 octo
965 2859 1120 2936 particulis
1133 2859 1241 2935 quinos
1254 2859 1316 2918 fere

214 2976 317 3018 verum
335 2959 551 3020 continentibus
575 2961 747 3020 vaticinium
770 2961 887 3020 absolvi
912 2961 1080 3032 existimet3
1111 2978 1165 3017 nec
1188 2961 1315 3034 primum

213 3057 334 3118 alterius
351 3058 458 3134 capitis
475 3061 658 3120 enuntiatum
674 3063 771 3138 primo
791 3063 880 3137 capiti
898 3063 1061 3120 addendum
1081 3077 1250 3132 censemus,
1268 3060 1312 3118 uti

214 3159 395 3218 crateribus
413 3178 472 3217 non
490 3162 593 3235 paucis
609 3163 735 3238 placuit;
759 3163 866 3222 idonea
890 3163 967 3231 enim
986 3161 1194 3221 sententiarum
1212 3160 1314 3236 dispo-

213 3257 295 3330 sitio,
316 3279 404 3336 quam
421 3261 613 3337 proposuisse
630 3263 717 3322 nobis
734 3264 882 3336 videmur,
901 3264 1030 3322 externis
1045 3263 1133 3322 ctiam
1148 3261 1226 3319 notis
1241 3280 1313 3318 cou-

212 3358 360 3432 firmatur,
389 3381 404 3420 e
428 3362 535 3436 quibus
557 3372 675 3437 praeter
699 3363 877 3422 simillimam
902 3383 942 3422 cc.
961 3364 977 3422 Ι
999 3373 1028 3422 01
1053 3364 1084 3421 ΙΙ
1110 3361 1313 3420 oeconomiam

212 3456 253 3532 (5.
270 3463 296 3516 5.
314 3463 330 3516 3
337 3481 346 3532 3
364 3463 389 3517 5.
409 3465 434 3518 6.
452 3463 493 3538 3.)
516 3481 606 3520 uuum
623 3463 697 3522 illud
714 3464 864 3524 afferimus
888 3481 945 3529 ’1111
966 3480 1030 3526 mu
1052 3458 1090 3525 ui
1109 3463 1138 3534 l,
1159 3468 1206 3536 14,
1233 3463 1314 3538 quod

211 3569 333 3618 resonat
350 3561 411 3620 fere
428 3560 459 3618 in
477 3581 524 3619 vv.
543 3578 599 3627 1111
619 3578 704 3624 votur
727 3558 766 3625 un
787 3563 833 3635 ll,
855 3570 894 3622 14.

504 3811 529 3887 ᾗ.
548 3815 572 3867 7.
599 3825 647 3873 DE
666 3826 802 3877 INDOLE
821 3828 1008 3880 VATIOINII.

185 4003 186 4008 1
262 3957 351 4032 Quod
368 3958 394 4016 si
411 3959 528 4018 ludaeis
545 3960 750 4024 liberationem
767 3966 805 4024 ab
823 3965 959 4040 Assyriis
976 3965 1122 4037 futuram,
1146 3965 1191 4022 his
1215 3973 1312 4023 autem

210 4055 360 4118 interitum
377 4077 471 4134 prope
487 4060 647 4124 instantem
664 4062 790 4124 vidimus
808 4065 953 4138 nuntiari,
972 4066 1142 4140 praeclarae
1158 4065 1218 4124 iam
1236 4065 1312 4124 vati-

211 4156 354 4215 ciniorum
377 4159 414 4216 ab
439 4159 505 4218 aliis
531 4173 619 4219 antea
642 4162 786 4223 editorum
804 4185 932 4225 coronae
950 4167 1095 4224 cumulum
1114 4165 1201 4224 adiici
1218 4184 1313 4240 appa-

211 4265 263 4314 ret.
294 4257 351 4314 Est
367 4259 443 4316 enim
461 4278 612 4319 commune
635 4262 709 4320 illud
727 4275 844 4340 ratum,
869 4268 919 4344 qui
944 4286 997 4341 per
1015 4265 1188 4342 Assyriam,
1222 4285 1310 4342 quam
