2954 4808
472 213 498 289 ξ.
517 213 542 269 5.
569 209 620 268 Da
638 225 735 268 ansus
754 209 964 268 Assumosuu.
1221 225 1274 267 arx

171 418 240 458 nam
258 403 291 455 ut
314 416 379 456 oum
397 395 557 473 Aegyptiis
584 402 648 452 tuto
672 401 774 468 posset
798 391 971 468 confligere,
997 391 1275 470 Hierosolymorum
1357 457 1362 472 Ι

170 497 319 575 praesidio
338 497 392 555 niti
409 497 550 567 debebat3
575 494 664 571 idque
683 513 719 551 eo
737 492 847 568 magis,
871 511 938 551 cum
956 492 1173 570 Aegyptiorum
1191 512 1276 552 exer·

172 599 271 671 citum,
286 597 310 658 si
321 598 395 657 fides
406 597 542 656 habenda
554 601 599 653 est
613 593 770 652 annalibus
785 594 822 651 ab
836 593 904 668 ipso
917 610 988 669 rege
998 593 1182 670 perscriptis,
1196 594 1276 670 apud

171 697 366 758 Lachischam
381 697 442 756 iam
459 703 628 773 superasset
637 694 655 766 ¹,
689 702 719 752 et
741 692 929 765 Thirrhalra,
953 694 1172 771 Aegyptiorum
1194 694 1275 770 prin-

173 957 268 1006 Athen.
287 957 304 1006 l.
316 956 349 1017 l.;
368 955 450 1005 altero
468 955 524 1004 loco
543 955 652 1005 habetur
669 952 743 1015 800),
759 953 802 1003 the
821 954 995 1006 accumulated
1012 953 1107 1004 wealth
1126 955 1156 1004 oi
1170 955 1213 1004 the
1230 969 1276 1004 no·

173 1039 227 1089 bles
245 1039 275 1089 oi
290 1038 486 1104 Chazalijahu's
505 1045 591 1102 court,
613 1037 665 1088 aud
684 1039 714 1088 oi
727 1038 795 1087 their
813 1037 965 1104 daughters,
987 1037 1052 1088 with
1069 1038 1112 1088 the
1130 1039 1230 1090 officere
1247 1040 1278 1088 oi

171 1124 212 1174 his
230 1125 332 1189 palace,
350 1137 409 1174 meu
427 1123 511 1172 slaves
530 1123 581 1172 and
598 1135 700 1172 women
719 1121 810 1172 slaves.
845 1123 859 1171 I
882 1122 1038 1172 returned
1062 1127 1093 1172 to
1111 1121 1276 1183 Nineveh,

174 1207 226 1258 aud
243 1208 258 1258 I
274 1208 415 1259 accounted
432 1206 483 1257 this
500 1207 566 1271 spoil
582 1206 624 1257 ior
641 1205 685 1256 the
702 1205 796 1256 tributo
813 1205 898 1257 which
920 1206 953 1256 he
975 1207 1078 1256 refused
1096 1213 1122 1257 to
1140 1222 1191 1273 pay
1208 1207 1273 1258 me!

174 1291 261 1355 Quae,
279 1293 322 1344 ubi
340 1291 511 1353 detrahimus,
528 1304 593 1355 quae
611 1291 643 1341 ob
663 1304 756 1340 vanam
773 1290 871 1352 gloriae
888 1291 1051 1342 iactationem
1065 1292 1220 1356 amplificata
1232 1305 1276 1357 ap·

175 1383 279 1442 parent,
302 1383 459 1442 quantopere
483 1377 618 1426 concinent
641 1391 696 1426 cum
721 1374 810 1438 2Reg.
828 1373 936 1436 XVIII,
953 1375 1014 1423 v.7.
1033 1375 1073 1424 13.
1093 1377 1197 1439 14.15,
1220 1377 1277 1428 luce

173 1461 267 1512 clarius
284 1463 442 1527 perspicitur.
478 1460 599 1511 Ceterum
616 1460 717 1510 videtur
734 1458 901 1519 monendum,
924 1457 1118 1508 Rawutnsorouu
1136 1475 1218 1524 neque
1236 1472 1276 1509 ar-

173 1551 352 1608 gumentorum
369 1547 483 1612 pondere
500 1561 584 1611 neque
601 1547 709 1596 aliorum
732 1559 773 1592 vv.
791 1543 832 1592 dd.
858 1557 983 1593 consensu
1001 1558 1100 1606 carere,
1127 1560 1184 1593 cum
1206 1545 1276 1608 pala·

174 1630 240 1679 tium
258 1630 475 1699 Koyundjucense
492 1629 665 1684 aSanheribo
684 1626 814 1678 conditum
832 1627 960 1677 existimet
978 1636 1003 1677 et
1020 1629 1108 1678 titulos
1127 1627 1221 1677 abillo
1239 1627 1276 1677 ibi

174 1727 231 1764 esse
247 1716 396 1780 inscriptos,
417 1733 505 1768 verum
522 1718 661 1766 mirmur
678 1718 704 1763 et
721 1712 843 1761 Hnssruu
865 1710 941 1775 plane
963 1711 1032 1762 idem
1053 1712 1180 1774 iudicare,
1204 1713 1277 1761 sicuti

174 1797 295 1848 Hruasrus
314 1807 340 1850 et
356 1802 411 1866 lpse
424 1801 562 1866 Sarginam
578 1813 661 1850 novae
678 1797 813 1862 dynastiae
831 1802 961 1846 auctorem
971 1811 1028 1846 ease
1040 1799 1178 1848 existimat.
1205 1797 1279 1848 Miri·

176 1879 225 1930 fica
242 1890 327 1934 autem
350 1887 375 1934 ll.
394 1902 427 1938 sa.
450 1884 625 1950 comprobatio
650 1883 698 1932 illa
714 1881 843 1946 quomodo
861 1880 1038 1943 confirmetur,
1062 1897 1075 1931 e
1098 1898 1167 1932 uova
1189 1898 1278 1932 monu-

176 1973 320 2018 mentorum
343 1984 359 2019 a
381 1969 523 2022 Sanheribo
546 1968 707 2018 conditorum
730 1967 893 2028 collectione,
921 1979 997 2028 quam
1020 1967 1088 2028 typis
1111 1967 1162 2016 iam
1185 1966 1279 2016 excudi

176 2063 253 2112 supra
271 2051 382 2104 diximus
399 2070 458 2119 pag.
470 2053 600 2106 XXXIII.
619 2059 680 2114 not,
698 2049 872 2115 quaerendum
890 2050 945 2098 erit.

228 2135 399 2197 1)1caenim
417 2141 513 2204 optime
531 2137 668 2188 difficultas
685 2136 731 2184 illa
748 2133 864 2197 expediri
886 2131 961 2181 nobis
983 2145 1059 2194 posse
1076 2131 1190 2194 videtur,
1213 2148 1278 2198 quae

177 2224 293 2269 versatur
311 2222 338 2269 in
357 2229 448 2272 eventu
465 2224 580 2274 vaticinii
598 2222 647 2271 Ies.
666 2220 732 2280 XX,
751 2233 774 2266 v.
791 2215 879 2265 4-6.
911 2216 1071 2264 Pracdicitur
1088 2215 1123 2264 ibi
1141 2216 1280 2266 secuudum

178 2303 278 2364 signum
297 2306 325 2354 iu
342 2307 412 2355 nuda
429 2307 529 2357 Iesaiae
548 2305 719 2356 ambulatione
738 2302 894 2366 propositum
913 2301 1060 2364 Aegyptum
1078 2307 1104 2350 et
1116 2301 1280 2365 Aethiopiam

180 2386 255 2448 (quae
273 2390 319 2439 sub
337 2391 427 2440 eodem
445 2405 505 2456 rege
521 2397 583 2440 tunc
599 2391 749 2439 coniunctae
767 2384 851 2445 erant)
873 2386 905 2434 ab
924 2386 1039 2449 Assyriis
1061 2401 1118 2434 cum
1140 2387 1281 2449 ignominia

181 2471 302 2522 abductas
324 2475 381 2525 fora
402 2477 430 2525 in
453 2476 641 2540 captivitatem,
664 2473 703 2520 ita
723 2476 752 2518 ut
769 2468 858 2518 Iudaei
881 2469 922 2530 (id
945 2469 1014 2532 quod
1035 2475 1111 2533 caput
1128 2472 1164 2519 rei
1182 2469 1236 2531 est)
1255 2473 1283 2520 in

181 2557 278 2608 auxilio
296 2573 384 2609 eorum
400 2561 496 2610 frustra
512 2558 677 2608 confiderent.
711 2554 768 2602 Iam
785 2567 847 2601 vero
863 2551 942 2602 trium
959 2568 1085 2603 annorum
1107 2557 1207 2605 notatio
1228 2557 1282 2606 v.3

180 2646 249 2690 certo
267 2642 301 2692 ad
318 2644 419 2694 Iesaiae
443 2646 543 2708 signum
565 2639 727 2691 referendum
753 2644 804 2699 est3
827 2643 911 2700 potest
933 2645 1018 2687 autem
1041 2639 1119 2687 etiam
1142 2639 1176 2690 ad
1194 2639 1283 2704 Aegy·

181 2725 291 2786 ptiorum
310 2729 408 2778 cladem
428 2727 540 2777 futuram
558 2725 634 2776 simul
651 2725 787 2788 pertinere.
805 2722 861 2770 Iam
879 2736 940 2772 vero
958 2723 985 2771 in
1004 2723 1137 2772 annalibus
1154 2723 1205 2774 illis
1218 2723 1283 2775 San·

182 2807 264 2859 heribi
282 2811 345 2862 haec
361 2814 481 2877 legimus:
507 2811 580 2874 ,The
597 2809 674 2872 kings
691 2807 721 2857 oi
734 2808 820 2870 Egypt
837 2807 892 2856 also
910 2813 967 2856 seut
984 2806 1119 2856 horsemen
1142 2808 1193 2857 and
1216 2808 1283 2858 foot-

181 2907 255 2955 men,
276 2895 415 2962 belonging
438 2903 465 2946 to
488 2896 531 2945 the
549 2908 622 2956 army
639 2892 670 2942 oi
683 2891 728 2940 the
745 2891 809 2954 king
829 2891 859 2939 ol
873 2890 995 2940 Mirukha
1011 2891 1111 2953 (Meroe
1129 2907 1159 2942 or
1175 2894 1284 2943 Aethio-

181 2977 246 3041 pia),
263 2978 293 3027 of
308 2979 391 3031 which
410 2980 453 3031 the
469 2979 593 3029 numbers
616 2977 693 3026 could
710 2984 756 3026 not
773 2977 806 3026 be
823 2975 940 3026 counted.
963 2975 995 3024 Iu
1012 2974 1055 3024 the
1072 2975 1285 3038 neighbourhood

181 3063 211 3112 of
226 3063 270 3113 the
287 3066 339 3128 city
356 3065 476 3115 Allakhis
493 3062 653 3126 (Lachish)I
673 3061 762 3127 joined
785 3061 866 3111 battle
889 3059 954 3109 with
976 3059 1054 3109 them.
1089 3059 1145 3108 The
1169 3063 1284 3125 captains

182 3147 211 3196 oi
226 3148 270 3198 the
287 3149 390 3200 cohorte
407 3150 458 3199 and
476 3149 519 3200 the
537 3163 624 3215 young
640 3162 699 3197 men
717 3146 747 3196 of
762 3146 805 3195 the
822 3145 899 3207 kiugs
916 3143 947 3194 of
960 3143 1059 3207 Egypt,
1084 3144 1137 3194 and
1160 3146 1203 3195 the
1225 3162 1283 3212 oap-

182 3233 249 3282 tains
267 3233 298 3284 oi
312 3234 355 3284 the
373 3234 476 3284 cohorte
493 3236 524 3286 oi
538 3235 581 3284 the
598 3233 662 3294 king
679 3231 709 3281 oi
725 3229 858 3292 »Μοιοιξι
883 3229 898 3278 I
914 3235 959 3293 put
976 3235 1003 3278 to
1021 3229 1065 3278 the
1082 3230 1169 3279 sword
1192 3232 1219 3280 in
1242 3232 1285 3281 the

182 3323 290 3381 country
307 3318 337 3368 oi
350 3317 458 3369 Lobana
474 3317 617 3382 (Libueh).“
642 3316 687 3366 cir.
709 3314 800 3365 Ruunt.
823 3311 940 3363 Outlines
961 3329 985 3378 p.
998 3313 1112 3364 XXXV.
1148 3313 1245 3375 Quibus
1263 3318 1285 3366 si

182 3400 246 3451 fides
264 3404 368 3452 omnino
385 3409 425 3452 est
441 3402 575 3464 habenda,
599 3401 747 3451 vaticinium
766 3399 829 3448 illud
846 3398 960 3460 Ieseiae,
983 3399 1054 3448 cuius
1071 3406 1177 3450 eventus
1200 3401 1284 3450 nullus

184 3485 267 3536 adhuc
289 3493 391 3550 poterat
413 3488 518 3550 probari
539 3485 587 3548 (de
605 3486 622 3533 l.
639 3484 707 3534 Nah.
725 3484 782 3545 III,
800 3486 815 3533 8
834 3497 867 3532 ss.
896 3482 939 3532 cir.
962 3482 1032 3532 infra
1056 3498 1079 3547 p.
1093 3483 1126 3533 98
1139 3483 1188 3544 ss.)
1210 3485 1285 3548 plane

184 3569 327 3621 confectum
344 3579 395 3635 est3
412 3586 474 3622 nam
490 3572 677 3637 Aegyptiorum
695 3570 788 3633 copiis,
811 3581 876 3631 quae
893 3567 1002 3630 primunr
1019 3566 1190 3628 advenerunt,
1212 3568 1284 3630 fuga·

184 3655 231 3716 tis,
250 3657 313 3705 satis
330 3670 455 3720 superque
472 3657 616 3721 intelligere
633 3654 762 3704 debebant
780 3653 884 3713 Iudaei,
902 3651 934 3700 ab
952 3651 1003 3700 illis
1022 3649 1144 3699 auxilium
1164 3649 1212 3698 sibi
1228 3651 1285 3698 nul·

184 3738 236 3789 lum
255 3742 454 3804 exspectandum
477 3754 547 3802 esse,
570 3747 596 3789 et
620 3740 659 3788 vel
683 3746 783 3801 tempus
805 3736 984 3801 praestitutum
1006 3734 1121 3783 evenisse
1143 3734 1285 3796 putandum

184 3830 280 3886 esset,
298 3825 320 3874 si
352 3824 419 3875 forte
446 3824 569 3890 Sargonis
595 3825 724 3888 expeditio
751 3821 873 3871 adversus
891 3818 1027 3868 Asdodum
1054 3823 1168 3866 extremo
1186 3815 1286 3870 Salma-

184 3910 298 3959 nassaris
315 3923 383 3958 anno
400 3909 469 3960 iacta
486 3915 567 3970 esset,
591 3925 649 3958 oum
665 3905 734 3956 ΠΙῐ0
753 3919 820 3954 auno
839 3903 965 3955 Senberib
983 3903 1156 3954 PalaestInam
1173 3905 1286 3955 intravit.

184 3993 274 4056 quue
291 3994 373 4056 magis
391 3993 588 4058 comprobantur
605 3991 733 4042 Rabsakis
750 3988 842 4051 verba,
865 3990 908 4052 qui
926 3988 1074 4053 Aegyptum
1093 3985 1160 4036 dixit
1177 4003 1285 4038 cannam

184 4078 258 4139 quasi
275 4078 430 4132 subtractam
447 4091 503 4127 esse
525 4076 635 4142 (visun
658 4075 765 4142 rispah
783 4072 926 4124 Tirrhakae
939 4079 1024 4123 autem
1038 4071 1202 4122 iactationem
1215 4073 1287 4122 illam

184 4161 240 4221 (eir.
259 4175 316 4226 pag.
330 4164 390 4224 100)
413 4169 439 4211 et
456 4161 582 4212 Herodoti
604 4161 780 4210 narrationem
803 4158 836 4207 de
854 4159 917 4222 iuga
938 4157 1104 4222 Assyriorum
1128 4158 1206 4220 probe
1229 4173 1285 4207 cum

184 4244 235 4294 illis
253 4247 372 4310 coniungi
394 4259 469 4310 posse
487 4253 569 4310 patet,
593 4246 671 4298 modo
695 4250 853 4307 reputemus,
876 4243 974 4294 cladem
998 4241 1114 4303 Assyriis
1137 4256 1153 4290 a
1174 4241 1287 4290 Domino
