2954 4808
210 197 228 236 u
555 173 800 232 Pnonncouarm.
828 171 900 232 One.
919 171 959 230 11.

211 379 283 437 pore
299 375 364 417 esse
380 357 579 434 assignatum,
597 375 668 414 mox
687 357 723 414 ad
742 355 889 414 destinata
907 353 963 414 sibi
976 364 998 412 'a
1017 354 1071 412 deo
1090 373 1213 413 nmnera
1226 371 1310 414 exse-

211 460 327 536 quenda
344 457 462 516 adducti
481 465 559 516 sunt.

260 561 308 618 Ita
324 558 401 616 enim
418 575 503 617 sacra
520 575 592 634 gens
609 554 779 632 peremnia
801 555 899 615 secula
916 554 1052 614 instituta
1075 563 1164 632 atque
1187 554 1312 612 educata

146 727 149 734 Δ
211 667 273 732 est,
296 666 329 716 ut
345 660 382 716 ab
399 658 502 735 aliqua
519 657 656 732 deinceps
673 664 774 734 gente,
803 674 880 732 quae
905 673 1049 714 summam
1072 657 1109 713 de
1127 656 1199 713 orbe
1217 663 1311 712 terra·

180 773 181 776 ’
210 779 275 818 rum
304 759 466 834 potentiam
497 765 626 829 teneret,
656 763 815 816 vexaretur
822 775 830 826 3
859 767 962 830 gentes
980 764 1094 828 autem,
1118 775 1195 832 quac
1211 755 1255 813 ita
1272 755 1311 812 ad

210 859 332 919 Israelis
350 859 474 918 salutem
492 858 720 933 comparandam
738 863 949 930 cooperarent,
974 873 1034 914 non
1058 855 1181 914 fortuito
1205 855 1312 913 admit-

212 961 365 1031 tebantur,
392 977 494 1016 verum
515 976 571 1034 pro
594 977 648 1016 sua
670 957 784 1029 indole,
810 964 840 1013 et
855 963 946 1030 prout
961 956 1082 1015 Israelis
1100 955 1228 1014 conditio
1247 955 1311 1012 exi·

212 1067 310 1136 geret,
335 1077 353 1116 a
370 1057 426 1116 deo
444 1057 639 1135 eligebantur.
672 1058 754 1116 Inter
770 1073 845 1135 quas
862 1055 989 1131 primum
1005 1055 1103 1114 locum
1119 1057 1311 1132 perlongum

212 1168 329 1234 tempus
353 1159 491 1216 tenebant
513 1157 664 1234 Aegyptii.
691 1158 720 1215 A
747 1156 942 1234 quibuscum
965 1177 984 1214 a
1010 1155 1192 1214 Rehabeami
1215 1163 1313 1214 aetate

212 1265 382 1331 vacassent,
407 1275 502 1335 neque
524 1258 593 1315 inde
616 1257 673 1316 nisi
696 1256 843 1319 minorum
866 1255 997 1332 gentium
1017 1256 1170 1314 inimicitia
1193 1273 1312 1314 exerce-

212 1367 329 1430 rentur,
347 1359 407 1416 iam
423 1357 526 1415 Iudaei
542 1375 600 1414 non
618 1356 714 1416 minus
731 1375 821 1434 qnam
833 1355 1037 1431 Ephraimitae
1050 1375 1085 1415 eo
1098 1357 1233 1415 abierant
1243 1375 1311 1432 per-

213 1457 377 1530 versitatis,
396 1465 430 1515 ut
446 1456 607 1516 maioribus
625 1475 701 1532 opus
719 1464 797 1516 essct
813 1456 947 1532 populis,
974 1457 1026 1535 qui
1049 1476 1163 1516 summa
1179 1455 1313 1532 potentia

212 1558 341 1616 humana
357 1556 494 1616 instructi
517 1575 568 1615 eos
585 1575 646 1614 non
663 1566 806 1615 vexarent
828 1556 939 1629 solum,
964 1577 1064 1615 verum
1088 1556 1313 1633 pessumdarent

213 1667 302 1733 atque
319 1664 511 1714 contererent.
539 1655 605 1730 Quo
623 1656 681 1714 iam
700 1656 797 1715 officio
816 1656 867 1733 qui
884 1656 936 1714 illo
954 1665 1086 1733 tempore
1103 1657 1313 1733 perfungeren-

213 1767 277 1830 tur,
305 1757 435 1815 maxime
457 1755 555 1813 idonei
578 1755 689 1814 inventi
713 1765 782 1816 sunt
798 1756 928 1833 Assyrii.
955 1757 1089 1814 Primum
1107 1757 1184 1816 enim
1201 1773 1312 1832 oppor-

212 1856 324 1916 tunitas
346 1857 495 1928 locorum,
522 1856 630 1932 quibus
654 1856 793 1933 proprias
816 1874 886 1915 suas
907 1857 1056 1915 habebant
1079 1857 1178 1930 sedes,
1204 1857 1312 1914 idonea

213 1957 342 2015 maxime
371 1963 435 2014 erat
462 1955 574 2031 ingenti
603 1955 728 2031 imperio
758 1956 827 2014 inde
850 1957 1163 2036 expugnandamque
1188 1956 1311 2016 admini-

212 2057 350 2129 strando,
376 2055 516 2133 quoniam
539 2055 667 2113 medium
689 2055 773 2114 illum
795 2056 934 2114 tenebant
962 2056 1075 2132 locum,
1106 2076 1166 2136 quo
1197 2075 1312 2117 summa

213 2176 347 2234 quaeque
362 2155 469 2213 itinera
493 2173 531 2212 ex
548 2155 623 2214 Asia
645 2163 675 2213 et
690 2157 814 2231 Europa
840 2163 869 2214 et
885 2155 990 2214 Africa
1012 2158 1141 2235 undique
1164 2159 1311 2235 cogeban-

212 2256 295 2326 tur¹;
322 2273 381 2334 quo
400 2254 475 2312 adde
492 2255 669 2331 singularem
687 2256 761 2314 coeli
777 2256 856 2315 illius
875 2257 1058 2332 temperiem,
1083 2277 1160 2334 quae
1183 2259 1219 2316 ad
1246 2276 1310 2316 cor-

212 2373 288 2431 pora
305 2354 479 2413 obduranda
496 2354 671 2432 animosque
688 2376 707 2414 a
724 2355 847 2414 mollitie
864 2364 893 2414 et
911 2355 1034 2432 segnitie
1046 2359 1230 2417 revocandos
1247 2377 1309 2416 ma·

212 2473 342 2532 gnopere
358 2453 525 2530 pertinebat
533 2452 552 2512 ².
573 2455 703 2514 Maxime
720 2465 818 2514 autem
835 2464 941 2514 natura
959 2451 1059 2515 eorum
1078 2466 1167 2535 atque
1183 2458 1308 2529 indoles,

214 2553 331 2632 qualem
348 2560 408 2611 tam
432 2553 495 2612 ell.
515 2573 554 2614 ss.
569 2575 657 2630 quam
684 2575 722 2614 ex
744 2557 940 2616 monumentis
957 2558 1166 2634 perspicimus,
1191 2567 1310 2617 strenua

211 2653 264 2712 illa
281 2653 411 2714 maxime
428 2662 517 2730 atque
534 2655 775 2729 bellicosissima,
798 2656 910 2730 perfida
933 2657 1020 2715 simul
1042 2666 1072 2715 et
1088 2657 1247 2730 malitiosa,
1266 2659 1309 2716 vi·

213 2754 298 2811 detur
315 2752 537 2811 consideranda.
563 2755 620 2814 Est
637 2755 714 2813 enim
732 2774 803 2832 gens
821 2755 889 2828 illa,
909 2775 986 2831 quae
1004 2758 1166 2830 „velociter
1183 2767 1212 2816 et
1228 2758 1309 2818 festi-

211 2861 316 2913 nanter
333 2853 460 2912 accurrit
476 2873 495 2912 a
511 2854 619 2913 finibus
637 2863 748 2926 terrae3
773 2873 832 2913 non
850 2863 896 2914 est
912 2856 1009 2916 lassus
1025 2857 1103 2916 inter
1119 2875 1170 2917 cos
1188 2877 1241 2916 nec
1259 2858 1309 2935 qui

212 2953 371 3030 impingat3
390 2973 450 3011 non
468 2953 577 3012 dormit
594 2974 647 3012 nec
664 2955 793 3014 admittit
810 2973 945 3013 somnum
951 2978 960 3028 ;
978 2976 1037 3015 non
1057 2957 1155 3016 soluta
1173 2967 1218 3017 est
1233 2978 1310 3016 zona

211 3053 378 3112 lumborum
397 3054 459 3112 eius
476 3073 530 3112 nec
548 3054 683 3112 atteritur
700 3054 795 3112 lorum
814 3055 904 3114 calcei
921 3089 956 3098 —
974 3057 1069 3135 mugit
1084 3058 1180 3118 instar
1192 3059 1310 3118 leonum

149 3199 150 3204 1
210 3153 389 3226 catulorum,
416 3161 446 3212 et
461 3153 560 3212 fremit
577 3162 606 3212 et
623 3155 702 3230 capit
725 3155 860 3231 rapinam
883 3165 914 3214 et
934 3157 1045 3230 aufert,
1072 3177 1168 3236 neque
1190 3167 1236 3220 cst
1258 3159 1309 3236 qui

211 3252 368 3328 eripiat.“³
394 3253 458 3326 „Ut
478 3254 584 3312 hero'e's
606 3263 743 3327 currunt,
767 3263 800 3313 ut
815 3251 982 3316 bellatores
999 3258 1160 3318 ascendunt
1184 3279 1308 3331 murum,

262 3506 290 3568 1)
305 3507 358 3558 Cir.
375 3509 443 3559 inira
458 3527 482 3574 p.
497 3510 554 3560 119.

261 3589 288 3652 2)
306 3591 359 3642 cfr.
377 3593 491 3643 Tueatur
508 3593 525 3642 1.
536 3594 554 3643 l.
570 3609 596 3658 p.
608 3594 728 3645 26-37.
762 3596 898 3659 Hodieque
916 3600 972 3649 loca
985 3598 1031 3648 illa
1048 3599 1255 3649 bellicosissimae
1273 3605 1310 3648 te·

210 3682 274 3726 nent
294 3675 454 3738 Kurdomm,
476 3677 650 3728 Assiretarum
673 3679 715 3728 all.
737 3681 826 3732 tribus.
850 3683 895 3732 cir.
918 3681 1020 3732 Rrrrruu
1043 3683 1183 3732 Erdlmnde
1205 3683 1260 3745 IX,
1285 3685 1309 3744 3,

211 3760 271 3810 570.
286 3761 345 3812 573.

262 3843 289 3905 3)
306 3845 356 3894 Ies.
373 3844 407 3904 V,
425 3843 544 3895 26-29.
579 3845 673 3895 Patent
689 3847 792 3907 quidem
807 3848 884 3898 latius
901 3849 980 3898 verba
997 3857 1024 3900 et
1034 3851 1310 3916 Babyloniosquoque

211 3933 250 3989 ct,
267 3929 312 3988 qui
327 3933 461 3991 praeterea
477 3929 556 3977 secuti
573 3936 644 3991 sunt,
661 3929 837 3981 Israelitamm
861 3932 946 3986 hostes
969 3935 1197 3999 comprehendunt3
1213 3942 1309 3996 tamen,

210 4012 284 4060 sicuti
301 4011 379 4060 Ioelia
394 4011 474 4060 verba
484 4011 619 4062 confestim
630 4012 770 4078 afferenda,
787 4018 899 4066 maxime
916 4017 1051 4068 cadumin
1062 4021 1198 4082 Assyrios,
1216 4019 1309 4083 quippe

164 4147 169 4150 ,
211 4095 254 4154 qui
270 4094 346 4158 primi
363 4107 380 4143 a
396 4096 569 4158 septentrione
586 4097 640 4160 (cir.
648 4097 686 4148 Io.
695 4099 764 4162 11‚a,
774 4103 816 4164 20)
833 4109 966 4164 venerunt,
985 4109 1011 4152 et
1027 4103 1118 4164 quibus
1134 4105 1231 4168 posteri
1247 4115 1309 4164 quo·

211 4175 349 4224 dammodo
367 4179 568 4230 continebantur.
587 4183 631 4232 cir.
650 4183 701 4245 Ies,
719 4165 794 4246 xiv,
811 4185 925 4234 24-27
943 4192 969 4234 et
983 4186 1144 4237 Daremma.
1163 4201 1186 4238 a.
1198 4187 1223 4236 h.
1235 4187 1251 4236 l.
