2954 4784
641 185 716 247 Car.
730 188 775 262 11,
795 207 822 248 v.
837 193 862 246 3.
1258 185 1304 254 55

199 371 337 430 Ceterum
361 377 496 450 respecta
518 391 538 430 a
561 379 628 430 vate
651 381 720 432 suut
741 372 855 432 Iesaiae
880 371 970 432 verba
992 371 1064 447 LlI,
1089 379 1119 432 8:
1148 372 1304 447 „iubilant,

198 490 269 530 nam
287 470 374 528 oculo
391 471 422 528 in
439 471 556 530 oculum
575 473 674 532 vident
691 473 852 531 Dominum
871 482 1064 534 revertentem
1082 475 1120 533 ad
1137 475 1227 546 Zien;
1238 479 1257 508 “
1275 465 1305 533 id

198 570 280 649 quod
298 589 358 628 nen
375 571 567 647 negabimus,
591 574 679 631 medo
696 573 823 650 primum
841 574 935 634 nostri
961 574 1068 650 capitIs
1087 593 1204 634 versum
1229 574 1305 633 iudi·
1341 589 1344 594 “

198 673 265 730 dem
282 671 439 746 repetitum
461 691 527 730 esse
547 673 723 734 recolamus.

248 772 434 847 Pergeudum
456 780 555 830 autem
578 775 616 832 ad
634 793 699 832 eam
717 773 919 852 quaestionem
944 783 1004 846 est,
1030 773 1169 852 quidnam
1192 783 1303 832 utrum·

199 892 258 950 que
274 871 333 932 sibi
349 891 457 930 nemen
474 872 560 946 velit,
583 873 673 933 Iacob
691 873 847 945 etIsrae13
871 883 999 950 possunt
1022 883 1074 933 aut
1090 875 1223 948 diversa,
1252 882 1305 933 aut

199 972 277 1032 idem
294 971 469 1048 significare.
495 974 524 1050 1)
542 973 590 1032 De
606 982 734 1052 utreque
750 991 841 1051 regno
859 974 935 1047 dici,
953 975 1075 1034 Iudaico
1093 983 1123 1033 et
1133 974 1304 1050 Ephraimi-

199 1072 276 1144 tice,
303 1072 479 1149 interpretes
506 1074 595 1151 lenge
618 1075 737 1150 plurimi
756 1083 931 1134 statuerunt.
969 1075 1075 1153 Neque
1098 1093 1169 1133 vcro
1193 1075 1303 1133 infitias

201 1191 320 1245 eamus,
344 1180 470 1251 utroque
490 1173 635 1250 primaevi
652 1175 748 1251 patris
765 1175 899 1249 nemine,
923 1175 992 1234 lieet
1008 1176 1044 1234 de
1062 1175 1200 1235 universa
1216 1184 1303 1252 geute

198 1273 321 1350 proprie
343 1273 458 1347 valeat,
488 1293 578 1351 posse
600 1275 724 1334 alteram
747 1276 951 1334 tantummodo
981 1285 1096 1352 partem
1123 1275 1303 1351 nuncupari;

199 1373 289 1450 idque
307 1393 341 1432 ee
359 1375 393 1432 fit
408 1373 540 1448 facilius,
565 1376 646 1452 quod
662 1375 814 1435 Iudaicum
835 1393 958 1452 regnum
980 1375 1098 1453 ingenie
1125 1358 1154 1433 et
1169 1377 1302 1434 moribus

199 1483 229 1532 et
251 1474 352 1550 regiae
376 1475 507 1534 familiae
529 1476 640 1552 pietate
666 1477 706 1535 ad
737 1476 960 1536 universitatem
986 1475 1090 1553 pepuli
1119 1475 1301 1534 referendam

198 1574 323 1650 propius
338 1575 478 1648 accessit,
496 1595 617 1635 numero
634 1585 734 1636 autem
752 1584 781 1636 et
793 1576 966 1636 extensione
974 1575 1220 1652 Ephraimiticum
1231 1575 1299 1651 (cfr.

199 1675 289 1734 Mieh.
301 1674 331 1747 Ι,
345 1675 391 1752 5);
410 1675 462 1734 vix
479 1684 577 1734 autem
594 1677 672 1738 ullus
689 1677 856 1736 inveniatur
869 1677 970 1750 loeus,
988 1677 1039 1736 ubi
1049 1677 1140 1735 Iacob
1154 1684 1184 1734 et
1196 1676 1300 1746 lsrael,

199 1775 281 1834 nulla
298 1773 358 1834 ulia
376 1775 542 1836 declarante
558 1786 645 1850 neta,
663 1778 722 1836 tale
740 1778 813 1855 quid
830 1775 997 1854 significare
1009 1777 1173 1836 videantur.
1197 1775 1301 1853 Longe

146 1948 151 1958 q
198 1876 276 1934 enim
293 1875 353 1934 alia
369 1877 447 1935 ratio
465 1878 669 1954 exemplorum
686 1889 732 1938 est
748 1878 838 1937 veluti
857 1875 993 1937 Obadiae
1010 1897 1037 1936 v.
1053 1882 1093 1936 17.
1114 1881 1160 1951 18,
1180 1877 1229 1935 ubi
1247 1878 1300 1935 de·
1340 1931 1342 1936 ,

199 1975 259 2034 mni
277 1977 379 2035 lucebi
398 1977 559 2054 opponitur
571 1978 691 2055 Iosephi
708 1979 822 2038 demus.
848 1979 895 2036 Ac
910 1977 980 2036 licet
995 1977 1147 2054 ingeniose
1160 1976 1300 2036 Ueterem-

198 2093 268 2136 rrus
285 2085 441 2156 utrumque
464 2097 569 2137 nomeu
594 2088 697 2138 nostre
720 2079 787 2137 loco
810 2078 877 2136 idee
902 2077 1033 2154 pesitum
1055 2096 1120 2137 esse
1137 2087 1296 2149 asseveret,

200 2197 276 2250 „um
308 2175 362 2236 mit
394 2178 504 2238 diesem
536 2178 709 2255 getheilten,
744 2179 815 2237 aber
845 2179 921 2237 doch
955 2177 1159 2254 urspringlich
1194 2178 1297 2235 einen

197 2278 425 2355 Deppelnamen
442 2279 497 2338 auf
511 2279 558 2338 die
576 2278 1043 2338 wiederherzustellendeEinheit
1059 2278 1111 2337 des
1127 2285 1298 2355 getrennten

198 2379 313 2438 Velkes
331 2379 566 2439 binzudeuten:“
585 2389 682 2438 tamen
699 2379 898 2440 restituendae
915 2379 1068 2457 utriusque
1080 2379 1164 2455 regni
1177 2378 1297 2438 unitatis

199 2489 229 2538 et
246 2480 349 2538 salutis
367 2479 523 2556 cogitatio,
542 2489 613 2539 nota
629 2481 682 2539 illa
700 2481 818 2558 quidem
836 2489 866 2538 et
882 2480 1039 2556 explorata
1058 2480 1212 2556 prophetis
1229 2477 1273 2555 (cl
1290 2523 1296 2537 .

199 2581 324 2639 collecta
338 2580 455 2658 aliquot
471 2582 608 2657 exempla
624 2601 643 2640 a
660 2580 815 2640 Oasrnrue
832 2598 937 2639 comm.
954 2581 986 2639 in
1004 2580 1152 2640 Obadiam
1174 2601 1204 2656 p.
1224 2581 1297 2657 127),

200 2701 219 2739 a
235 2680 374 2739 Nahume
391 2681 479 2758 longe
495 2681 595 2754 abest,
620 2681 730 2759 quippe
752 2681 804 2759 qui
825 2699 879 2757 per
902 2700 1018 2739 emnem
1044 2681 1175 2739 libellum
1201 2674 1320 2741 solum

199 2781 340 2857 respiciat
361 2781 482 2854 Iudam
508 2801 563 2850 neo
584 2782 725 2840 Israelem
748 2801 785 2839 ne
806 2781 1020 2858 praetereundo
1044 2781 1162 2858 quidem
1184 2789 1296 2857 tangat.

199 2883 230 2960 2)
251 2881 450 2940 Praeferenda
471 2880 563 2959 igitur
586 2880 794 2940 nonnullorum
816 2879 1019 2956 interpretatio
1042 2881 1112 2954 erit,
1143 2881 1194 2958 qui
1219 2881 1297 2940 idem

199 2991 303 3041 uetare
315 2982 457 3041 Iacobum
470 2992 499 3042 et
511 2982 652 3042 Israelem
666 2990 800 3054 censent,
815 2980 960 3054 Cretam,
973 2981 1134 3052 Lernam,
1145 2980 1296 3052 Verrem,

199 3083 330 3156 Buram,
346 3100 389 3141 nn
406 3082 506 3156 Dmu,
524 3081 659 3155 Gnnvrr,
678 3081 890 3153 Seuerianam
908 3081 960 3140 cfr.
979 3082 1029 3140 Ps.
1047 3080 1228 3154 LXXVIII,
1246 3085 1296 3153 213

199 3203 387 3261 requerere
409 3203 507 3243 merus
529 3184 718 3260 pleonasmus
741 3191 801 3254 est3
827 3182 886 3240 imo
911 3181 1081 3254 discrimen,
1106 3182 1186 3258 quod
1208 3183 1297 3240 inter-

200 3284 291 3358 cedit,
309 3286 383 3343 bens
399 3283 554 3361 perspexit
571 3283 740 3343 Craruuus:
764 3271 873 3341 ἷστεόν
894 3274 947 3355 δὲ,
970 3271 1022 3342 ὅτι
1043 3275 1082 3342 τὸ
1102 3274 1163 3359 μὲν
1179 3269 1297 3359 Ἰακώβ

200 3371 306 3462 ὄνομα
326 3372 392 3443 ὑπὸ
413 3380 479 3442 τῶν
500 3376 655 3465 πατέρων
681 3375 783 3465 ἐτέθη
809 3381 857 3465 uqi
881 3373 1009 3462 Ἰακὼβ,
1037 3376 1076 3444 τὸ
1105 3375 1142 3444 δὲ
1163 3369 1297 3464 Ἰσραὴλ

200 3473 267 3545 ὑπὸ
294 3479 356 3544 τοῦ
376 3480 463 3544 θεοῦ
471 3525 479 3554 ,
509 3470 709 3564 ἀμφοτέρων
734 3475 771 3544 δὲ
792 3481 857 3543 τῶν
884 3471 1054 3561 ὀνομάτων
1080 3475 1251 3559 μετὲλεχεν
1278 3472 1296 3542 ὁ

199 3577 237 3656 ἐξ
251 3571 371 3660 Ἰακώβ
391 3572 472 3655 λαός
478 3603 489 3656 ,·
510 3583 666 3644 Burnus:
684 3583 923 3661 „Magnificentia
939 3583 1073 3655 Israelis,
1093 3582 1297 3642 nominativi-

199 3685 279 3744 nitus
304 3684 391 3755 date,
416 3684 511 3742 maier
534 3692 579 3743 est
601 3703 690 3762 quam
713 3684 930 3760 magnificentia
951 3682 1068 3755 Iacobi,
1093 3683 1245 3741 ordinaria
1266 3691 1297 3742 et

200 3784 286 3863 quasi
303 3784 479 3843 naturalis.“
511 3784 595 3844 Haec
617 3785 708 3860 igitur
730 3785 886 3843 verberum
904 3783 1049 3842 sententia
1066 3793 1125 3842 est:
1148 3782 1296 3842 Dominus

199 3885 356 3944 revertitur
374 3886 412 3943 ad
429 3884 517 3945 decus
534 3885 654 3958 laeobi,
680 3886 732 3945 sed
748 3885 791 3943 ita
807 3884 977 3956 revertitur,
1004 3892 1036 3941 ut
1051 3892 1197 3960 appareat
1211 3882 1296 3941 Iace-

199 3988 270 4045 bum
283 4005 348 4046 esse
361 3986 516 4059 lsraelem,
535 4005 662 4063 quocum
674 3986 778 4044 foedus
790 3985 861 4066 iecit
872 3984 1105 4055 sanctissimum,
1123 3984 1169 4043 cui
1182 4003 1297 4044 summa

87 4158 96 4169 .
200 4105 335 4165 quaeque
351 4086 504 4164 premisit,
535 4105 638 4163 quem,
666 4087 735 4146 licet
760 4085 949 4163 castigaverit
971 4094 1158 4162 peecatorum
1180 4075 1296 4158 caussa,

201 4199 298 4247 tamen
317 4181 512 4266 omnipotenti
530 4207 618 4248 manu
635 4188 793 4248 ulciscitur.
815 4187 928 4248 Eadem
946 4188 1006 4245 iere
1022 4186 1185 4262 particulae.
1206 4201 1225 4247 :r
1242 4206 1296 4262 pe·
