2954 4808
450 196 475 272 ξ.
493 201 520 254 4.
544 189 594 253 Du
615 207 805 254 eonorrrous
823 193 1017 254 lucanorum.
1211 211 1290 256 xxix

236 379 321 454 Quae
338 395 405 438 cum
421 369 525 437 fierent
540 379 639 452 domi,
664 380 804 439 Manasse
820 397 874 438 rex
891 377 1047 457 Babylone
1063 379 1170 439 acerba
1187 376 1288 440 vincu-

185 481 282 540 lorum
299 479 419 539 miseria
436 487 466 538 et
482 481 663 557 turpitudine
680 481 719 539 ad
736 481 947 557 poenitentiam
965 488 1049 540 actus
1067 491 1128 554 cst,
1152 488 1182 539 et
1202 501 1288 559 prac-

185 583 296 640 clcrnm
308 579 437 640 Hiskiae
454 581 548 656 patris
565 581 733 657 exemplum
751 590 883 654 secutus,
900 581 1060 641 humilibus
1077 582 1232 658 precibns¹
1250 583 1289 642 ad

184 681 345 740 Dominum
364 681 451 740 deum
468 690 587 758 patrum
605 701 726 742 sucrum
744 682 858 756 missis,
884 699 955 740 mcx
979 681 1162 741 clementiam
1179 683 1242 742 eius
1260 691 1290 742 et

184 782 418 842 misericordiam
435 791 575 858 expertus
593 789 654 854 est3
678 783 758 842 haud
784 782 862 841 enim
886 783 929 840 ita
945 782 1039 842 multo
1056 781 1145 859 post²
1161 783 1289 844 vinculis

183 884 327 942 liberatus
349 883 468 942 domum
491 881 631 942 dimissus
655 891 718 956 est3
743 883 823 961 quod
842 875 1026 960 ³quibusnam
1044 895 1082 942 ex
1100 884 1213 944 caussis
1230 886 1289 944 As·

183 983 257 1062 syrii
274 984 301 1042 ei
318 981 531 1058 concesserint,
549 983 669 1062 assequi
686 1003 747 1042 non
764 982 925 1044 valemus⁸.

236 1186 262 1248 l)
278 1186 371 1238 Preces
388 1189 443 1238 eius
455 1189 550 1253 scripto
563 1186 701 1238 mandatas
713 1194 740 1238 et
756 1189 875 1240 in'tastis
891 1201 981 1252 regum
993 1185 1149 1238 Iudaeorum
1167 1192 1245 1251 atque
1260 1187 1289 1238 in

183 1271 260 1322 rebus
278 1271 375 1324 Chenai
397 1275 464 1323 ratis
487 1279 606 1324 exaratas
630 1271 885 1336 Paralipomenorum
908 1278 997 1323 auctor
1023 1273 1078 1336 ipse
1105 1271 1179 1322 vidit.
1218 1270 1290 1322 Satis

184 1358 340 1421 praeclaram
359 1359 503 1408 orationem
519 1359 635 1409 Manassi
653 1357 807 1422 adscriptam
831 1355 1077 1422 iuterApocrypbos
1094 1357 1128 1406 V.
1146 1356 1185 1406 Ti.
1210 1357 1290 1408 libros

184 1441 341 1490 circumferri
359 1449 474 1505 constat,
492 1443 524 1492 de
542 1445 612 1493 cuius
630 1443 728 1506 origine
746 1447 771 1490 et
788 1447 874 1492 aetate
891 1442 1036 1505 nuperrime
1050 1439 1289 1504 disputaritllarra·

185 1539 267 1576 scntus
285 1527 401 1590 (Exegct.
414 1527 518 1577 Ilandb.
536 1543 568 1577 nu
586 1527 636 1577 den
654 1529 749 1590 Apocr.
769 1525 848 1587 1851,
865 1525 926 1575 fasc.
940 1525 971 1589 1).

188 1617 192 1622 “
234 1611 261 1673 4)
278 1607 353 1668 Quod
371 1625 423 1661 non
447 1611 491 1662 diu
508 1613 630 1662 Manasse
653 1611 731 1660 fuerit
753 1609 840 1672 exsul,
863 1609 942 1674 probe
965 1609 1101 1660 coniicitur
1122 1607 1196 1670 inde,
1219 1609 1289 1673 qnod

182 1693 228 1746 LV
244 1709 326 1744 annos
345 1709 467 1759 regnasse
485 1697 595 1746 traditur
613 1697 702 1760 tReg.
720 1694 802 1756 XXI,
822 1697 845 1744 1.
863 1693 1151 1758 ascelmum,
1169 1695 1198 1755 l,
1216 1693 1289 1744 nulla

183 1779 318 1842 interrupti
335 1781 407 1842 regni
427 1780 517 1831 habita
534 1783 644 1830 ratione.

233 1864 260 1926 3)
276 1862 392 1912 Fuerunt
409 1866 434 1929 a)
451 1866 495 1928 qui
511 1864 616 1914 foedere
633 1871 708 1930 pacto
731 1864 877 1915 libertatem
901 1865 925 1914 ei
949 1864 981 1914 ab
999 1862 1202 1915 Assarhaddone
1227 1878 1287 1914 cou-

183 1961 279 1996 cessam
298 1949 464 2012 opinarentur
480 1949 637 2012 (Pumnmux
655 1947 721 2011 all.);
741 1956 846 1998 atvero
865 1950 888 1997 si
900 1948 933 1997 de
950 1951 1032 2012 pretio
1051 1948 1091 1996 vel
1108 1947 1203 1997 tributo
1220 1947 1288 2012 cogi·

182 2039 266 2093 tatur,
289 2033 375 2082 nescio
398 2047 431 2081 au
450 2033 501 2083 tale
519 2033 580 2097 quid
599 2032 736 2084 secundum
759 2034 872 2094 priorum
897 2047 986 2094 regum
1008 2030 1201 2081 similitudinem
1223 2031 1288 2093 (lde-

182 2115 313 2180 nachemi,
323 2115 434 2176 Achaei,
445 2115 563 2179 Hislriac)
575 2118 653 2168 fuerit
663 2123 902 2179 commemoratum
914 2131 946 2166 aa
958 2122 1044 2165 autem
1056 2117 1226 2179 ratiocinatio,
1238 2131 1289 2181 qua

182 2203 327 2267 nuperrime
344 2201 373 2252 O.
392 2203 425 2251 A.
443 2202 551 2252 Marcus
567 2201 677 2262 (Staats
694 2201 748 2252 und
765 2199 985 2265 Religionsgesch.
1003 2201 1050 2249 der
1068 2201 1176 2266 Konigr.
1194 2202 1243 2252 Isr.
1260 2219 1287 2253 u.

181 2286 248 2336 Iuda
263 2302 288 2350 p.
300 2287 361 2348 304)
379 2301 434 2336 rem
450 2301 603 2352 componere
621 2287 671 2336 sibi
688 2289 757 2338 visus
775 2294 829 2349 est,
852 2300 910 2336 eum
934 2284 970 2332 sic
987 2282 1042 2332 iere
1060 2283 1170 2340 diceret:
1192 2288 1288 2351 „Diese

180 2371 327 2435 Erzihlung
345 2371 443 2420 scheint
460 2373 507 2421 aut
522 2373 598 2422 emen
609 2373 727 2422 Wechsel
744 2371 791 2420 der
800 2369 937 2420 Partheieu
955 2367 1139 2434 hinzudeuten,
1157 2372 1211 2424 uud
1229 2372 1287 2422 der·

181 2456 251 2505 selbe
269 2455 383 2504 dadurch
400 2457 559 2518 eingetreten
577 2473 609 2506 zu
628 2457 695 2518 sein,
715 2455 774 2504 dass
791 2455 832 2504 die
850 2451 1021 2502 herrschende
1034 2452 1140 2504 Parthei
1151 2457 1205 2508 sich
1218 2458 1288 2508 ihrer

182 2539 374 2604 Athangigkett
397 2555 448 2589 von
468 2529 594 2605 Assyrien
620 2557 652 2589 nu
675 2540 822 2604 entledigen
846 2537 948 2600 suchtc,
972 2553 1028 2588 was
1052 2540 1103 2590 den
1126 2542 1285 2605 assyrischen

180 2625 340 2675 Monarchen
358 2624 515 2688 bestimmtc,
534 2625 585 2674 den
602 2625 690 2688 Kdnig
708 2626 773 2675 uach
784 2625 902 2688 Babylon
920 2637 951 2672 zu
970 2623 1077 2674 beroien
1094 2627 1147 2675 und
1163 2627 1209 2676 ihu
1228 2627 1287 2676 dort

181 2711 222 2758 lue
240 2708 396 2774 Geiingniss
413 2711 551 2774 sulegon,
569 2723 615 2760 aus
633 2709 755 2759 welcbem
774 2725 802 2759 er
815 2707 910 2774 jedoch
927 2722 1010 2772 gegeu
1028 2709 1070 2758 dia
1082 2710 1195 2776 Zusege‚
1215 2713 1287 2762 seius

182 2794 327 2858 bisherigen
349 2793 497 2857 Ratbgebar
518 2810 550 2844 zu
574 2794 722 2856 entfemen,
745 2794 874 2844 enclesseu
895 2793 1001 2842 wurds“
1021 2820 1055 2831 -
1075 2807 1108 2844 ea
1129 2802 1287 2860 quantopere

181 2879 301 2929 idoneam
318 2893 404 2929 rerum
421 2881 546 2929 rationem
565 2878 719 2941 confundat,
735 2879 810 2928 facile
827 2878 984 2942 perspicitur.
1020 2879 1046 2942 b)
1062 2879 1166 2928 Kumus
1184 2878 1285 2942 apolog.

181 2963 297 3014 Versuclr
314 2963 378 3012 tiber
395 2963 437 3013 dic
449 2964 564 3015 Chrouik
581 2981 605 3028 p.
618 2963 678 3025 431)
690 2964 855 3027 Assyriorum
874 2962 1056 3026 rempublicam
1072 2964 1139 3012 forte
1156 2963 1284 3012 turbatam

180 3050 260 3098 tuisse
277 3050 396 3110 coniecit3
414 3055 442 3098 at
457 3049 538 3099 futilis
557 3055 596 3098 est
608 3047 727 3096 Κιιιιιιιι.
746 3053 771 3096 et
783 3045 956 3096 Rosuuuurnu.
974 3049 1070 3112 opinio,
1088 3048 1131 3111 qui
1147 3046 1285 3096 Medorum

182 3133 333 3184 seditionem
352 3140 503 3196 arguerunt,
521 3148 578 3183 cum
591 3131 795 3196 Sardanapalum
814 3130 923 3181 eundem
941 3145 998 3182 asse
1016 3147 1045 3182 ae
1057 3131 1285 3182 Assarhaddonem

182 3231 316 3282 perperam
338 3217 537 3281 hallucinarcnt3
566 3231 648 3290 neque
671 3231 732 3265 raro
757 3216 789 3265 de
810 3218 862 3266 alio
885 3216 993 3267 tumulto
1016 3217 1128 3281 quodam
1151 3219 1287 3283 quicquam

182 3303 306 3354 habemus
323 3309 489 3368 compertum.
519 3302 542 3364 c)
559 3303 642 3352 Porro
658 3316 727 3352 mors
737 3301 946 3354 Assarheddouie
963 3304 1045 3352 serius
1062 3303 1154 3354 accidit
1171 3305 1204 3368 (a
1217 3304 1287 3367 stt),

180 3403 258 3454 quam
276 3402 341 3452 quae
358 3389 487 3438 Manassis
505 3387 632 3438 liberandi
648 3401 739 3437 caussa
752 3386 834 3459 ¹fuisse
850 3389 946 3448 possit,
963 3387 1008 3436 cfr.
1027 3394 1080 3437 not.
1094 3391 1124 3450 23
1148 3389 1217 3453 quod
1236 3390 1286 3438 nisi

183 3457 340 3523 contrarium
358 3479 437 3535 esset,
455 3475 568 3523 maxime
586 3472 737 3537 probaretur
753 3473 885 3522 floreum
899 3479 924 3520 et
935 3473 1068 3522 Hasvuau.
1086 3475 1214 3523 sententia
1230 3473 1287 3536 (cfr.

182 3557 249 3608 Einl.
261 3557 303 3619 11,
315 3571 344 3618 a,
357 3573 380 3622 p.
393 3557 443 3608 223
456 3555 509 3620 ss),
526 3559 570 3622 qui
588 3565 645 3622 post
662 3563 769 3606 mortem
788 3558 842 3606 eius
854 3554 1058 3618 Babyloniorum
1072 3559 1188 3621 regulum
1204 3557 1287 3607 liben-

181 3651 221 3694 ter
245 3643 392 3692 libertetem
408 3642 526 3692 Menssei
545 3643 665 3704 largitum
690 3655 744 3690 esse
763 3643 956 3703 existimarunt,
980 3642 1109 3692 societatis
1132 3647 1157 3690 et
1174 3639 1286 3690 foederis

183 3735 272 3780 contra
288 3728 412 3790 Assyrios
429 3726 552 3791 iungendi
575 3740 678 3786 caussa,
696 3725 769 3773 sicuti
786 3725 836 3774 Ies.
856 3726 978 3774 XXXIX
999 3725 1141 3775 Merodach
1158 3723 1286 3775 Baladanr

182 3814 209 3878 d)
226 3813 282 3864 Nec
298 3811 360 3862 inde
377 3813 483 3862 multum
502 3811 593 3861 coniici
611 3817 707 3876 petest,
732 3808 801 3872 quod
818 3823 864 3856 rex
883 3810 1064 3871 Hierosolyma
1081 3823 1199 3858 reversus
1216 3823 1287 3859 moe·

183 3900 227 3948 nia
249 3898 319 3947 urbis
342 3898 430 3947 refecit
454 3903 480 3946 et
502 3895 607 3946 castella
629 3893 736 3944 Iudaica
759 3895 847 3944 omnia
869 3894 990 3954 munirit;
1014 3894 1085 3943 cuius
1109 3894 1147 3942 rei
1169 3907 1286 3944 caussam

183 3983 268 4031 attulit
285 3982 395 4031 Hessius
414 3983 432 4032 1.
444 3983 461 4032 l.
478 3997 503 4044 p.
517 3980 581 4041 205,
599 3985 627 4027 ut
644 3993 697 4028 non
714 3978 746 4027 ab
758 3978 872 4040 Assyriis
889 3993 976 4027 verum
995 3978 1026 4026 ab
1038 3977 1173 4040 Aegyptiis
1190 3985 1286 4028 terram
1389 3999 1399 4008 -

181 4066 346 4128 defenderet,
368 4066 534 4130 probantibus
553 4058 683 4128 Assyriis3
707 4077 764 4112 cum
781 4061 928 4112 Pmonnaux
946 4063 986 4112 vel
1002 4063 1169 4126 Assyriorum
1189 4064 1286 4113 iussum

182 4159 207 4202 et
230 4158 394 4216 praeceptum
418 4152 569 4211 coniiceret;
593 4154 684 4198 contra
699 4148 828 4197 swainus
850 4161 908 4198 cum
925 4148 1063 4214 Aegyptiis
1084 4148 1175 4198 foedus
1200 4148 1232 4198 ab
1254 4161 1286 4197 ao

182 4239 345 4289 coniunctum
369 4251 423 4287 esse
447 4237 533 4298 docet,
556 4235 572 4284 l.
585 4234 601 4282 l.
620 4250 645 4299 p.
658 4233 717 4284 379.
753 4231 887 4298 Utcunque
913 4239 965 4296 est,
988 4233 1020 4284 ab
1038 4233 1205 4299 Assyriorum
1225 4232 1286 4294 iugo
