2954 4808
212 264 256 310 xx
559 248 804 309 Procneouuux.
832 247 905 309 Ger.
925 249 966 308 11.

212 451 270 512 pus
287 433 437 510 quoddam
460 441 489 491 et
506 432 590 510 optio
607 433 687 492 facta
704 442 764 508 est,
790 453 860 492 num
886 432 963 492 iorte
986 433 1091 510 poeuis
1117 441 1239 510 peccata
1264 452 1318 493 sua

213 535 401 612 gravioribus
419 533 555 610 deinceps
572 534 737 594 subsecutis
758 535 791 593 in
812 534 1024 612 poenitentiam
1048 534 1123 608 acti,
1147 535 1186 594 ad
1208 535 1316 596 iustum

215 636 446 713 clementemque
478 634 641 693 Dominum
675 653 759 696 suum
792 635 915 712 integris
948 634 1055 694 animis
1092 643 1316 695 reverterentur.

214 735 314 810 Quare
331 736 369 796 ad
386 735 606 814 exsequendam
622 736 804 812 punitionem
813 735 958 814 Aegyptii
973 736 1101 812 primum
1118 735 1229 798 Sisako
1246 755 1316 813 rege

213 845 352 913 ceperunt
368 835 598 914 Hierosolyma3
616 837 727 914 deinde,
737 838 774 896 ad
792 836 901 899 Ussiae
917 837 996 914 regis
1014 845 1155 910 aetatem,
1174 855 1234 915 quo
1252 856 1314 897 ma·

212 937 260 1015 gis
277 938 325 996 dei
341 946 500 1014 praecepta
516 937 710 1014 neglexerunt
727 945 757 996 et
774 935 835 998 suia
853 938 1037 996 confiderunt
1053 938 1180 1010 viribus,
1207 957 1226 996 a
1242 938 1314 997 rici·

213 1039 260 1098 nis
277 1037 413 1116 gentibus
431 1037 596 1098 minoribus
613 1039 810 1098 vexabantur.
837 1035 1037 1097 Nrbilominus
1054 1037 1209 1097 victoriam
1226 1039 1314 1098 etiam

213 1148 243 1198 et
258 1139 429 1198 felicitatem
445 1138 573 1215 largitus
591 1147 636 1199 est
648 1139 812 1213 Dominus,
832 1147 864 1197 ut
878 1139 1061 1216 benignitate
1077 1141 1315 1198 converterentur

212 1241 251 1299 ad
268 1238 496 1316 poenitentiam,
519 1248 609 1318 atque
631 1240 706 1298 adeo
722 1239 831 1300 Ussiae
848 1247 980 1316 tempore
1003 1258 1146 1298 summam
1162 1240 1313 1316 prosperi-

212 1349 304 1400 tatem
333 1341 450 1418 utrique
479 1359 573 1417 regno
595 1341 778 1416 conciliavit,
801 1339 931 1402 subactis
955 1341 1092 1400 omnibns
1115 1341 1251 1417 gentibus
1273 1342 1311 1400 ab

211 1442 314 1500 Ezeon
331 1441 432 1501 Geber
449 1440 488 1500 ad
498 1441 712 1522 ¹Thapsacuml
730 1475 766 1484 -
784 1450 816 1501 at
832 1461 867 1500 eo
884 1441 981 1518 magis
997 1441 1028 1499 in
1051 1441 1200 1500 luxuriam
1217 1451 1247 1501 et
1263 1461 1312 1502 su-

212 1543 347 1620 perbiam
382 1554 411 1601 et
444 1541 569 1600 aliarum
603 1542 779 1618 religionum
807 1541 997 1618 cupiditatem
1026 1543 1205 1616 inciderunt,
1236 1556 1312 1619 quas

213 1662 330 1704 summa
347 1661 462 1702 morum
479 1643 653 1719 depravatio
671 1651 700 1702 et
718 1643 904 1704 atrocissima
917 1662 1051 1720 quaeque
1062 1642 1196 1702 facinora
1207 1662 1311 1720 seque-

212 1745 331 1802 bantur.
366 1743 467 1818 Quare
483 1761 549 1802 cum
566 1751 708 1802 statutum
726 1743 926 1803 conversionis
943 1751 1058 1819 tempus
1082 1743 1265 1819 sprevissent
1282 1753 1311 1802 et

109 1846 112 1851 ’
212 1845 360 1904 idolorum
382 1843 619 1903 Oanaanensium
636 1845 715 1902 cultu
732 1843 800 1902 inde
817 1865 835 1902 a
851 1845 940 1903 Ioaso
959 1862 1028 1920 rege
1045 1844 1141 1920 magis
1157 1844 1312 1922 magisque

213 1946 452 2023 inquinarentur,
476 1943 624 2004 Dominus
641 1945 793 2003 mortifero
810 1943 919 2005 Ussiae
934 1963 1012 2003 anno
1028 1965 1082 2020 per
1098 1945 1224 2004 Iesaiam
1242 1965 1311 2022 pro·

212 2048 333 2124 phetam
350 2045 446 2104 diram
463 2045 541 2104 dixit
557 2045 733 2104 sententiam
751 2045 821 2120 (les.
839 2046 910 2123 VI),
929 2045 1037 2104 utiam
1056 2046 1223 2105 obstinatae
1240 2065 1310 2104 con-

211 2147 357 2207 tumaciae
379 2154 470 2224 atque
485 2145 625 2222 perniciei
642 2146 844 2218 traderentur,
868 2165 921 2204 nec
945 2145 1073 2222 amplius
1095 2147 1211 2207 etiamsi
1227 2147 1310 2206 audi·

210 2256 276 2308 rent
292 2248 430 2320 verbum,
448 2247 544 2306 redire
561 2255 590 2305 et
607 2247 720 2306 servari
737 2247 774 2306 ab
791 2246 913 2304 interitu
928 2255 1061 2322 possent.

261 2350 310 2406 Ita
325 2349 435 2406 factum
454 2356 516 2420 est,
540 2355 573 2406 ut
589 2346 691 2406 Iudaei
710 2347 809 2406 statim
827 2346 1028 2406 funestissimo
1046 2348 1124 2406 bello
1142 2369 1161 2406 a
1178 2345 1263 2424 Syris
1281 2355 1311 2406 et

210 2447 410 2525 Ephraemitis
426 2447 511 2507 illato
529 2467 547 2507 a
564 2465 679 2508 summo
697 2448 810 2524 gloriae
827 2447 947 2524 fastigio
964 2447 995 2506 in
1018 2455 1180 2508 extremam
1205 2447 1310 2506 deiice-
1415 2531 1417 2536 ,

209 2559 311 2608 rentur
327 2548 476 2618 miseriam
486 2546 511 2621 ²,
535 2557 580 2621 et,
606 2567 672 2606 cum
688 2549 835 2624 pessimus
852 2567 906 2606 rex
923 2549 1025 2608 Achas
1042 2550 1237 2627 Assyriorum
1253 2550 1309 2608 im·

209 2650 359 2726 plorasset
375 2647 534 2721 auxilium,
558 2649 681 2708 arbitrio
700 2667 801 2709 eorum
819 2668 854 2708 ac
870 2668 964 2725 paene
982 2641 1176 2708 dominationi
1193 2651 1308 2726 subige·

209 2758 328 2822 rentur3
352 2757 442 2827 atque
458 2750 549 2822 adeo,
573 2768 638 2810 cum
655 2749 724 2826 plus
740 2749 872 2808 ducentis
898 2749 1113 2826 quinquaginta
1135 2751 1221 2810 annis
1240 2769 1308 2809 cum

209 2850 373 2910 minoribus
395 2851 599 2908 tantummodo
623 2851 759 2928 gentibus
782 2849 1008 2908 conflictandum
1029 2849 1167 2923 fuisset³,
1191 2851 1252 2910 iam
1269 2853 1308 2910 ab

207 2951 319 3029 ingenti
336 2969 428 3027 regno
446 2951 594 3010 mundano
611 2970 672 3008 non
687 2950 794 3010 vexari
810 2950 924 3021 solum,
948 2969 1049 3008 verum
1075 2952 1262 3027 pessumdari
1279 2961 1309 3012 et

207 3050 348 3112 contundi
365 3052 462 3128 coepti
479 3060 556 3110 sunt.
583 3050 784 3111 Nihilominus
808 3049 1007 3128 quadraginta
1028 3052 1091 3110 fere
1114 3053 1200 3112 annis
1222 3073 1308 3130 prae-

207 3153 326 3212 teractis
344 3150 496 3213 Dominus
510 3153 698 3212 celeberrimo
716 3151 852 3228 exemplo
870 3151 1013 3226 ostendit,
1039 3153 1110 3230 quid
1132 3154 1221 3212 etiam
1243 3163 1307 3214 tum

206 3254 340 3314 valerent
355 3253 473 3326 Iudaei,
492 3253 518 3314 si
535 3272 595 3312 non
612 3272 631 3311 a
647 3252 784 3330 gentibus
802 3253 856 3312 deo
874 3251 988 3312 infestis
1004 3262 1138 3330 peterent
1149 3255 1305 3330 auxilium,

207 3355 258 3414 sed
277 3373 361 3413 suam
378 3353 573 3430 implorarent
589 3354 716 3430 gratiam
734 3362 764 3412 et
781 3353 1024 3429 omnipotentiam
1034 3376 1043 3426 ;
1068 3356 1213 3434 Assyrios
1231 3357 1308 3415 enim

207 3455 247 3514 ad
264 3473 409 3514 summum
427 3455 578 3531 potentiae
594 3454 709 3513 culmen
727 3461 844 3513 evectos
862 3461 931 3514 ante
943 3453 1221 3533 Hierosolymorum
1239 3475 1308 3534 por·

257 3700 283 3762 1)
306 3698 359 3748 Cir.
377 3697 442 3748 Krua
459 3699 626 3750 commentar
647 3700 710 3749 dber
733 3699 775 3750 die
792 3698 842 3750 Bb.
865 3697 912 3750 der
928 3697 1043 3762 Ktuige,
1066 3699 1100 3750 ad
1125 3699 1222 3766 2Reg.
1246 3701 1307 3764 XV,

205 3783 251 3844 16,
269 3799 293 3847 p.
302 3783 362 3833 459.

255 3865 282 3928 2)
299 3866 352 3916 Cir.
371 3865 482 3918 Onsrsnr
499 3866 547 3916 der
563 3867 888 3932 syriscb·ephrnimitische
906 3869 987 3934 Krieg
1003 3873 1053 3934 με
1066 3885 1114 3933 sa,
1137 3873 1180 3936 qui
1203 3872 1306 3936 copiose

205 3957 231 3998 et
247 3952 350 4016 egregie
367 3949 400 4000 de
416 3951 491 4002 huius
509 3951 571 4001 belli
588 3953 689 4002 ratione
707 3959 733 4000 et
749 3953 863 4016 pondere
880 3954 1027 4017 disputavit.

255 4034 281 4096 3)
298 4034 405 4085 Praeter
422 4042 520 4086 ceteros
538 4033 599 4098 Syri
616 4034 783 4099 Damasceni,
801 4039 845 4102 qui
863 4038 986 4102 singulari
1003 4039 1115 4102 quadam
1133 4040 1232 4089 ratione
1249 4055 1306 4088 cum

204 4125 311 4182 utroque
333 4135 413 4185 regno
436 4119 644 4180 continebantur,
669 4122 782 4172 continui
806 4125 861 4174 fere
885 4124 1038 4174 irritamenti
1063 4123 1139 4172 simul
1162 4130 1189 4172 et
1211 4123 1307 4186 flagelli

202 4217 308 4254 munere
325 4203 508 4269 fungebantur3
531 4217 639 4267 quorum
661 4205 729 4255 vices
751 4208 803 4258 iam
826 4209 903 4274 louge
925 4207 1028 4271 gravius
1052 4206 1167 4272 agendas
1190 4221 1306 4271 suscepe-

202 4294 262 4338 runt
279 4290 388 4354 Assyrii.
406 4289 451 4339 cir.
470 4289 581 4340 Claram
598 4290 615 4340 l.
628 4291 644 4341 1.
662 4308 686 4356 p.
698 4291 817 4343 19-21.
