2954 4784
647 157 720 218 Car.
737 158 783 230 ΙΙ,
801 173 830 218 v.
844 164 869 219 7.
1262 157 1305 225 71

205 361 281 422 quas
298 343 514 419 impediebatur
529 342 643 421 passim
659 361 796 403 accessus
812 343 852 402 ad
864 363 929 402 eam
943 344 1108 417 terrestris,
1126 353 1156 405 et
1169 365 1222 423 per
1233 365 1309 424 quas

205 453 304 504 tamen
322 444 448 504 navibus
466 445 605 504 accedere
622 452 651 504 et
667 444 803 503 recedere
820 444 973 516 solebant,
992 443 1051 503 tale
1069 445 1141 522 quid
1158 447 1236 506 enim
1253 465 1308 523 po·

205 547 264 606 tius
280 553 373 604 esset:
396 560 513 611 urrann
534 561 603 605 uma
625 560 736 608 uirum.

255 646 288 722 b)
310 644 527 730 Longeaatius
543 653 679 722 egerunt,
704 645 755 722 qui
773 665 833 704 non
850 646 881 704 in
899 646 1010 723 portis,
1037 647 1089 706 sed
1112 648 1143 704 in
1171 647 1307 708 fluviis

203 748 297 806 latere
313 745 474 822 imaginem
492 745 659 820 opinantur.
695 745 763 820 Quo
786 747 818 806 in
840 765 947 824 genere
971 747 1005 824 1)Ι
1017 747 1308 808 Rossuuunuunaus

204 846 385 908 assentiente
408 861 450 904 nn
469 835 769 923 Wurr10cogitavit
790 848 935 922 hostes,
959 848 1055 924 portis
1079 848 1198 925 quidem
1220 857 1308 909 antea

204 956 351 1020 retentos,
369 947 429 1006 iam
452 965 521 1006 vero
539 945 687 1020 effractis,
706 949 859 1007 fluminum
874 948 970 1007 instar
986 948 1087 1008 omnia
1102 949 1307 1008 inundantimn

204 1049 242 1106 in
259 1049 385 1108 urbem
402 1047 641 1124 irrumpere,
659 1047 712 1106 cfr.
733 1049 766 1121 1,
790 1070 818 1108 v.
836 1054 862 1108 7.
899 1049 983 1124 Quae
1000 1068 1144 1127 aquarum
1161 1049 1308 1127 signitica-

204 1149 247 1208 tio
266 1148 430 1227 symbolica
452 1148 522 1206 licet
543 1156 610 1207 rata
634 1149 722 1206 sitin
738 1149 770 1208 ll.
789 1169 847 1224 sa,
875 1149 927 1208 vix
945 1159 1043 1209 tamen
1059 1151 1089 1210 'a
1111 1152 1147 1210 'ut
1168 1151 1247 1210 nude
1263 1151 1307 1209 di·

205 1258 284 1309 ctum
307 1249 363 1308 hoe
379 1248 553 1325 praesertim
575 1248 642 1308 loco
667 1249 711 1308 ita
728 1250 936 1326 explicandum
953 1251 1025 1323 erit,
1052 1270 1119 1310 cum
1136 1271 1175 1310 cx
1192 1260 1307 1310 antece·

205 1350 341 1410 dentibus
366 1369 427 1410 non
449 1349 610 1426 imagines,
641 1351 694 1409 sed
718 1351 921 1410 continuatam
945 1351 1175 1428 expugnationis
1199 1351 1308 1412 descri-

203 1451 335 1528 ptiouem
353 1457 568 1526 exspectemus.
604 1450 751 1525 Quoniam
769 1471 914 1528 aquarum
931 1461 961 1511 et
977 1451 1133 1511 fluviorum
1151 1453 1307 1528 multiplex

204 1562 252 1611 est
267 1552 300 1610 in
323 1551 536 1612 transferendis
561 1550 803 1612 similitudinibus
827 1571 914 1626 usus,
938 1553 969 1630 t)
991 1551 1200 1612 Hieromus
1222 1553 1307 1611 intel-

203 1653 279 1712 lexit
295 1660 420 1728 „portas
437 1652 566 1712 Ninivae
590 1672 667 1730 quae
691 1653 729 1711 ad
754 1653 850 1712 instar
871 1653 1025 1712 fluminum
1052 1655 1182 1713 habebat
1198 1653 1305 1712 civium

203 1753 419 1815 multitudinem
428 1758 458 1826 ,“
477 1762 507 1812 et
524 1753 624 1830 paullo
642 1753 729 1812 aliter
744 1754 909 1813 Hrrzrorus
926 1753 1010 1828 (edit.
1028 1753 1097 1832 Il.):
1117 1754 1304 1832 „diejeuigeu

201 1852 342 1915 suessan
359 1853 410 1911 der
428 1851 532 1927 stadt,
557 1853 667 1913 welche
690 1855 744 1914 aul
757 1854 858 1914 Thore
874 1855 1074 1929 ausminden‚
1097 1856 1158 1914 und
1184 1856 1216 1914 iu
1234 1857 1304 1915 wel-

201 1955 275 2014 chcn
297 1959 358 2013 v.9
390 1955 437 2013 die
466 1955 675 2032 Beviilkerung
703 1963 776 2015 statt
804 1956 857 2015 der
879 1956 1003 2016 Wasser
1033 1957 1175 2014 lluthen.“
1219 1957 1262 2014 At
1279 1957 1304 2015 si

201 2055 321 2135 quando
339 2056 519 2133 symbolicus
535 2056 641 2113 horum
654 2058 811 2115 verborum
829 2076 932 2118 sensus
946 2055 1135 2132 accipiendus
1147 2065 1208 2130 est,
1227 2057 1304 2114 idem

201 2157 300 2217 valeat
316 2175 435 2216 necesse
451 2165 497 2216 est
513 2156 565 2234 qui
582 2176 611 2214 v.
630 2161 661 2229 9,
686 2157 736 2216 ubi
753 2177 864 2216 meram
881 2156 1076 2218 multitudinis
1094 2155 1303 2234 cogitationem

201 2277 262 2318 non
279 2258 352 2318 satis
370 2275 436 2317 esse
452 2256 626 2317 videbimus.

251 2359 307 2417 lII.
340 2359 456 2417 Eodem
473 2357 655 2416 referendum
674 2365 736 2429 est,
760 2357 840 2434 quod
862 2376 916 2416 nec
938 2357 1028 2416 aliam
1045 2359 1223 2434 probamus,
1249 2358 1305 2416 etsi

201 2459 386 2536 ingeniosam
411 2459 542 2517 omnium
565 2457 693 2516 maxime
717 2458 891 2517 sententiam
908 2457 1096 2532 Uuaanirn,
1123 2458 1174 2536 qui
1197 2457 1304 2517 utrius·

202 2580 261 2640 qne
277 2560 361 2619 verbi
378 2560 523 2619 translato
542 2567 652 2618 statuto
671 2578 759 2618 sensu
778 2559 820 2618 sic
838 2559 983 2636 disputat:
1002 2559 1072 2632 „die
1089 2557 1207 2619 Strdme
1225 2558 1303 2617 drin-

202 2679 259 2737 gen
277 2661 496 2720 unaufhaltsam
512 2660 628 2732 hersin,
655 2660 683 2718 d.
702 2659 721 2718 i.
747 2660 794 2718 die
811 2659 1008 2738 Nothsteigt
1031 2661 1086 2720 aui
1101 2660 1155 2720 das
1171 2661 1303 2720 hiichstc.

201 2762 272 2821 Mau
288 2781 371 2822 muss
386 2762 452 2821 also
470 2762 523 2820 das
541 2762 733 2838 gebrauchte,
753 2780 787 2819 so
803 2761 905 2836 haufig
917 2760 1223 2819 vorkommendsBild
1240 2761 1304 2818 rein

200 2863 250 2921 fuir
267 2863 329 2922 sich
353 2862 518 2935 auffassen,
543 2862 601 2920 und
625 2861 706 2919 nicht
730 2869 808 2920 etwa
833 2861 881 2919 die
899 2859 1016 2920 Strdme
1038 2861 1230 2920 unmittelbar
1252 2860 1305 2918 mit

201 2964 259 3022 den
275 2963 407 3022 Fciuden
424 2962 627 3040 vergleicheu,
646 2961 742 3021 worin
761 2980 828 3019 man
846 2961 1031 3038 gewdhnlich
1048 2963 1121 3033 irrt3
1146 2961 1224 3019 dann
1242 2966 1304 3019 wa-

201 3084 253 3122 ren
278 3064 326 3123 die
347 3064 448 3122 Thone
471 3082 545 3143 ganz
567 3082 715 3140 unpassen
739 3066 768 3120 .“
810 3059 1040 3120 commendatur
1064 3063 1138 3120 haec
1160 3059 1305 3120 sententia

202 3185 253 3235 eo,
272 3165 352 3241 quod
369 3165 483 3241 reliqua
499 3182 603 3223 versus
621 3165 712 3222 verba
737 3178 806 3227 aim
832 3157 944 3228 'inrum
975 3163 1014 3222 ad
1038 3164 1158 3221 eandem
1182 3162 1306 3222 redeunt

202 3264 438 3336 similitudinem
464 3264 536 3322 nihil
555 3273 733 3337 esttamen,
758 3264 829 3342 quin
847 3271 1036 3339 copulemus
1054 3264 1197 3324 translate
1214 3262 1304 3334 dicta,

201 3365 303 3441 priora
332 3374 429 3424 autem
453 3365 587 3440 proprie,
611 3365 783 3441 praesertim
809 3383 874 3423 cum
899 3365 988 3422 animi
1015 3365 1175 3424 diffluentis
1204 3365 1304 3440 imago

200 3466 281 3525 haud
297 3485 366 3525 raro
383 3465 556 3542 reperiatur.

255 3567 507 3644 Aequiesceudum
524 3583 595 3642 ergo
613 3564 643 3622 in
659 3567 782 3642 proprio
799 3565 888 3642 primi
906 3567 1029 3626 membri
1047 3588 1135 3626 sensu
1153 3565 1305 3625 existima-

201 3687 283 3728 mus:
307 3677 412 3744 portae
436 3667 534 3726 fluviis
557 3667 669 3726 Ninum
700 3667 884 3744 cingentibus
915 3669 1083 3728 adiacentes
1112 3677 1201 3745 atque
1229 3665 1305 3724 adeo

202 3770 333 3829 munitae
351 3769 497 3840 maxime,
516 3768 553 3826 ab
571 3768 709 3827 hostibus
726 3768 905 3844 aperiuntur.
934 3769 1024 3828 Prius
1042 3789 1112 3826 vero
1131 3786 1220 3844 quam
1237 3785 1305 3843 per·

203 3889 325 3948 gamus,
343 3879 449 3928 notare
466 3870 604 3928 debemus
620 3867 710 3926 LXX
728 3868 868 3927 exhibere
893 3856 1003 3939 πύλας
1023 3866 1088 3929 cdv
1108 3859 1249 3946 πόλεων,
1274 3865 1306 3924 id

202 3972 283 4049 quod
299 3971 439 4030 Hrrz1o11
463 3969 655 4046 explicationi
677 3970 773 4045 possit
797 3967 992 4046 patrocinari,
1018 3968 1075 4026 nisi
1097 3968 1175 4025 forte
1197 3965 1305 4026 rectius

202 4071 343 4132 Tucfflus
367 4072 386 4130 l.
406 4071 425 4130 l.
450 4091 479 4148 p.
499 4076 531 4130 64
554 4077 616 4130 not.
636 4071 805 4148 ‚scripturae
835 4069 1039 4146 compendium
1070 4069 1147 4127 male
1176 4067 1305 4127 solutum

203 4173 316 4250 arguit,
348 4171 595 4250 quemadmodum
619 4171 797 4248 singularem
820 4169 960 4248 Syriacae
983 4169 1128 4232 versionis
1149 4169 1304 4230 lectionem
