2954 4808
202 267 272 313 mr
553 252 799 312 Paonueousns.
824 251 896 312 One.
915 249 954 311 11.

203 435 335 518 citudine
349 436 519 496 restituerat
535 445 636 513 pater,
655 436 786 516 gentium
804 455 870 498 sese
887 433 1147 514 superstitionibus
1164 433 1310 496 audacius

203 537 304 610 dedit,
318 555 409 614 quarn
426 537 507 615 quod
524 537 602 598 nllus
619 546 708 598 antea
724 555 779 596 rex
796 539 895 598 fuerat
911 556 1001 598 ausus
1007 557 1016 610 3
1034 535 1066 595 id
1083 535 1165 614 quod
1182 555 1217 594 eo
1234 536 1307 595 faci-

202 636 261 697 lins
278 639 476 714 perpetravit,
495 657 555 716 quo
573 639 737 698 inveterata
748 635 857 716 'populi
875 640 914 698 ad
930 636 1133 698 idololatriam
1145 637 1307 713 propensio

203 737 334 798 Hiskiae
350 739 449 798 studio
466 739 597 799 cohibita
613 741 714 817 potins
731 749 820 818 quam
838 741 988 800 eradicata
1010 746 1089 811 erat,
1113 745 1143 796 et
1160 746 1207 797 sat
1223 737 1309 796 multi

204 839 294 916 etiam
307 839 456 912 vixerunt,
470 841 522 918 qui
529 837 641 899 XXIX
653 841 739 902 annis
752 849 820 900 ante
830 841 942 901 Achaei
955 835 1180 917 superstitiones
1193 833 1313 911 seond,

204 940 319 998 libidini
345 939 396 998 diu
423 941 569 1000 coercitas
598 942 702 1018 pronis
723 942 784 1001 iam
806 943 912 1002 animis
936 941 1131 1018 indulgerent.
1157 941 1205 998 Ac
1221 939 1308 998 sicuti

204 1049 276 1118 post
292 1041 448 1100 emendata
464 1058 550 1102 sacra
566 1042 704 1119 impietas
721 1042 831 1102 recenti
848 1061 914 1101 cum
931 1042 1043 1118 impetu
1061 1041 1138 1102 solet
1151 1039 1307 1116 refragari,

204 1141 250 1200 ita
264 1141 435 1200 idololatria
459 1139 491 1200 et¹
510 1143 642 1220 nequitia
664 1161 730 1202 cum
746 1143 889 1203 violentia
905 1143 1002 1202 adhuc
1023 1141 1160 1200 inaudita
1176 1139 1308 1217 grassari

205 1243 315 1318 coepit.
339 1239 410 1300 Nou
427 1242 504 1302 enim
521 1243 552 1302 in
569 1244 608 1303 iis
631 1245 891 1321 superstitionibus
915 1242 1059 1304 faciendis
1081 1241 1229 1319 acquievit
1245 1241 1308 1300 Ma·

205 1361 311 1415 nasse,
337 1361 415 1420 quae
437 1343 565 1404 maiores
587 1344 647 1403 iam
672 1346 781 1404 dudum
804 1345 1010 1417 admiserant„
1024 1341 1308 1420 Syro-Phoeniciis,

205 1443 414 1503 Ammoniticis
431 1445 616 1522 aliarumque
632 1447 762 1522 gentium
779 1445 990 1518 accolentium,
1008 1461 1110 1504 verum
1127 1444 1215 1501 etiam
1233 1443 1309 1502 side·

206 1563 275 1603 rum
291 1545 416 1619 cultum,
434 1546 473 1604 ab
490 1546 627 1623 Assyriis
650 1546 848 1620 mutuatum1,
871 1545 1054 1623 petudautine
1079 1543 1200 1604 Achaeo
1225 1543 1311 1602 insti·

258 1753 284 1815 1)
304 1754 390 1805 Pr0bs
411 1763 565 1808 notavcmnt
587 1757 736 1809 Movrnsrus
759 1755 927 1818 (Phoenizisr
948 1757 974 1819 1,
997 1773 1022 1822 p.
1036 1757 1070 1807 56
1087 1769 1121 1805 ss.
1146 1753 1196 1804 164
1212 1752 1262 1814 es.)
1284 1757 1311 1802 et

207 1838 311 1888 Ksnrus
333 1837 433 1900 (comm.
450 1843 477 1891 in
494 1842 521 1890 ll.
539 1857 610 1906 regg.
627 1861 652 1908 p.
664 1844 715 1894 559
727 1845 771 1906 se.)
795 1843 939 1892 universum
962 1843 1092 1894 coelorum
1115 1839 1256 1890 exercitum
1279 1851 1312 1888 aa

209 1911 313 1974 demum
329 1930 494 1990 tempestate,
512 1942 589 1992 qnam
600 1929 737 1992 Assyriam
753 1941 888 1988 vocamus,
906 1927 1051 1992 religiosius
1069 1925 1102 1974 ab
1119 1923 1245 1974 Israelitis
1263 1923 1313 1972 coli

208 2015 327 2073 coeptum
344 2011 435 2072 fnisse3
452 2011 529 2076 idque
547 2011 581 2061 ad
598 2013 765 2074 Assyriorum
783 2013 961 2064 commercium
979 2026 1035 2062 sese
1052 2009 1228 2069 reserandum,
1251 2006 1312 2055 iude

209 2100 329 2157 apparet,
347 2095 415 2158 quod
428 2096 530 2160 Assyrii
540 2112 593 2146 non
606 2097 687 2149 solem
698 2105 799 2148 tantum
813 2105 839 2148 et
849 2099 951 2158 lunam,
969 2110 1058 2145 varum
1076 2094 1196 2144 coelestia
1208 2091 1312 2140 omnino

208 2192 318 2242 corpora
334 2180 490 2243 adorabant,
513 2183 550 2230 uti
572 2181 694 2230 traditum
717 2194 733 2230 a
750 2181 877 2230 veteribus
895 2188 934 2230 est
951 2186 977 2230 st
994 2175 1312 2240 monumentis‘praeelsre

209 2266 402 2329 comprobatum
424 2265 493 2314 unde
517 2267 595 2314 etiem
618 2272 724 2328 apparet
747 2271 842 2313 temere
859 2265 986 2314 iudicasse
1003 2263 1168 2323 Movsearurr,
1191 2260 1312 2323 Assyrio·

209 2364 267 2398 rum
284 2349 434 2415 religionem
451 2351 530 2400 luisse
547 2365 600 2400 non
617 2350 792 2400 idololatriam
810 2349 855 2398 sed
873 2363 964 2414 purum
981 2348 1094 2398 siderum
1111 2347 1218 2406 cultum,
1236 2345 1315 2394 nullis

209 2433 337 2484 humanae
354 2435 527 2485 similitudinis
545 2436 699 2500 imaginibus
718 2433 836 2484 admissis
854 2433 925 2498 (I,p.
936 2432 991 2497 68),
1010 2432 1151 2498 permultas
1168 2431 1237 2480 enim
1252 2429 1313 2478 deo·

210 2533 267 2570 rum
284 2521 410 2584 husgines
428 2522 455 2570 in
473 2520 642 2570 marmoribus
665 2520 829 2570 inveniuntur
846 2523 995 2582 expressae3
1018 2533 1118 2581 verum,
1136 2516 1169 2565 ad
1187 2527 1313 2579 quaenam

210 2606 315 2654 numina
333 2605 449 2668 singulae
467 2606 585 2668 deinceps
603 2604 753 2652 referendae
773 2605 838 2664 sint,
863 2619 914 2653 non
939 2606 1008 2668 prins
1032 2604 1110 2652 statui
1132 2607 1201 2650 certo
1222 2604 1314 2662 potest,

211 2702 288 2751 quam
305 2690 408 2753 scriptio
426 2695 535 2739 cuneata
552 2691 613 2739 satis
632 2693 666 2740 sit
684 2690 823 2738 enucleata.
844 2685 915 2748 Quae
934 2687 1017 2738 adhuc
1034 2689 1062 2736 iu
1078 2687 1127 2736 hoc
1144 2697 1237 2748 genere
1253 2697 1312 2732 con-

211 2772 306 2835 scripta
323 2778 395 2834 eunt,
419 2789 451 2824 ea
468 2773 627 2824 coniiciendo
650 2774 704 2824 fere
722 2774 845 2837 indagata
868 2779 942 2833 sunt,
965 2778 1042 2835 atque
1064 2770 1197 2834 multiplici
1220 2769 1314 2817 diecre-

210 2859 300 2920 pantia
317 2858 395 2906 etism
416 2861 556 2910 incertiora
577 2858 726 2908 redduntur.
751 2859 806 2922 (cfr.
823 2860 928 2908 Laruae
946 2855 1060 2906 Niniveh
1078 2871 1104 2904 u.
1121 2869 1141 2904 s.
1159 2853 1313 2902 Ueberraste

210 2957 235 3005 p.
246 2941 298 2992 410
310 2957 358 3005 ss.;
378 2943 497 3007 (Bonosus)
514 2942 571 2993 The
588 2943 678 2992 buried
696 2946 746 3007 city
764 2944 795 2992 ol
809 2942 852 2992 the
862 2944 926 2992 East
944 2957 967 3004 p.
982 2941 1030 2991 189
1040 2954 1088 3002 es.;
1108 2937 1194 2990 Gosss
1205 2938 1315 3000 Assyria

210 3041 235 3090 p.
245 3027 277 3078 65
290 3041 339 3090 ss.;
359 3027 520 3089 Georsrsuu,
535 3029 636 3091 Aulage
647 3045 670 3078 u.
680 3029 836 3091 Zaretorung
846 3028 870 3076 d.
882 3024 1006 3076 Gebsude
1018 3039 1049 3072 au
1061 3023 1172 3074 Nimrud
1188 3039 1213 3086 p.
1223 3023 1255 3072 27
1265 3035 1315 3082 ss.·,

210 3125 261 3174 quo
278 3111 345 3161 adde
362 3111 560 3162 sewensonus
577 3115 620 3176 qui
641 3116 713 3163 varia
729 3099 810 3176 nuper
827 3111 933 3160 deorum
951 3110 1069 3170 nomina,
1092 3121 1157 3172 quae
1181 3111 1316 3156 occurrant

210 3197 239 3244 in
256 3195 477 3260 inscriptionibus,
494 3200 627 3261 proposuit
642 3200 683 3248 iu:
702 3196 820 3247 Outlines
838 3196 867 3245 ol
878 3195 1004 3256 Assyrian
1015 3193 1114 3255 history
1132 3207 1156 3256 p.
1166 3191 1262 3240 XVIII
1270 3191 1314 3252 ss.)

211 3305 245 3318 -·-
262 3281 301 3329 At
316 3295 378 3330 vero
395 3282 455 3331 licet
471 3283 550 3332 totins
568 3282 741 3345 mythologice
763 3281 839 3330 huius
863 3281 930 3330 ratio
953 3279 1015 3328 satis
1040 3277 1122 3327 adhuc
1145 3276 1253 3326 obscura
1271 3275 1314 3335 sit,

210 3370 311 3426 nmen,
335 3377 402 3428 quae
423 3363 457 3414 ad
479 3367 645 3416 illustrandos
666 3367 693 3414 ll.
712 3379 745 3415 ss.
769 3366 926 3430 pertineant,
949 3369 1068 3412 accurato
1091 3367 1314 3411 monumentorum

211 3449 329 3498 examine
346 3457 373 3498 et
389 3452 580 3514 comparatione
598 3451 717 3500 videntur
733 3449 882 3513 investigari
898 3461 982 3512 posse.
1017 3449 1057 3496 Ac
1079 3447 1188 3510 primum
1211 3445 1314 3508 quidem

211 3545 338 3584 summum
354 3549 461 3598 numen,
484 3549 547 3597 „res
564 3537 678 3586 omnium
694 3535 801 3584 deorum
818 3533 984 3597 magnorum“
1002 3529 1164 3594 &mneos
1179 3530 1314 3579 Commen-

211 3625 269 3682 tsry
287 3633 321 3670 on
338 3621 431 3670 cunali.
449 3621 510 3671 insc.
529 3635 553 3685 p.
563 3620 619 3681 31),
643 3619 725 3669 Bael
743 3635 762 3668 e.
782 3621 877 3681 Assar,
895 3621 993 3679 Assur,
1011 3615 1128 3666 Assarak
1145 3615 1220 3678 (ibid.
1236 3629 1262 3678 p.
1272 3613 1314 3662 26.

211 3699 331 3754 Ontlines
347 3721 372 3770 p.
380 3703 486 3766 XVIII)
503 3705 603 3756 duabus
621 3705 776 3768 imaginibus
794 3703 1060 3768 exprimitur3a1tsra
1077 3700 1197 3750 circulum
1208 3697 1315 3748 exhibet

211 3789 293 3838 tnbns
310 3790 359 3840 slis
375 3797 507 3852 ornatum,
524 3792 552 3839 in
571 3803 622 3854 quo
638 3790 767 3839 hnmanae
783 3790 933 3853 plerumque
945 3789 1043 3852 figurae
1056 3799 1115 3850 pars
1127 3786 1243 3848 superior
1254 3799 1316 3834 con·

211 3875 316 3938 spioltur
331 3873 388 3935 (cfr.
404 3875 518 3925 Lusum.
535 3875 553 3922 l.
565 3875 582 3923 l.
600 3874 643 3938 fig.
653 3875 695 3935 ts,
713 3887 736 3923 a
754 3875 780 3922 b.
798 3890 824 3936 ος
843 3873 958 3924 eiusdem
968 3872 1135 3922 Monuments
1152 3870 1183 3919 of
1194 3867 1314 3919 Nineveh

211 3959 264 4008 tab.
281 3959 306 4008 6.
324 3961 366 4010 ib.
384 3961 426 4011 34.
443 3960 485 4010 39.
497 3961 539 4010 41.
552 3960 585 4010 53
597 3960 638 4008 all.
657 3959 757 4008 Bonum
773 3960 790 4008 l.
803 3960 820 4008 l.
838 3973 863 4022 p.
879 3957 953 4021 253);
970 3958 998 4006 in
1016 3956 1131 4018 Assyriis
1150 3954 1244 4004 tabulis
1261 3967 1315 4002 non

211 4043 341 4093 invenitur
356 4046 406 4094 nisi
422 4046 534 4095 volitans
551 4033 627 4108 snper
643 4045 734 4093 arbore
747 4057 832 4106 sacra,
849 4044 919 4093 inira
929 4040 1168 4102 commemoranda,
1185 4040 1227 4091 vel
1239 4043 1316 4102 super

211 4139 285 4189 rege,
307 4142 383 4190 quem
399 4136 444 4180 aut
461 4131 597 4179 comitatur
613 4130 667 4179 fere
689 4131 717 4178 in
739 4129 857 4194 proeliis,
884 4134 911 4178 et
933 4141 1041 4190 quocum
1065 4139 1154 4175 omues
1177 4130 1264 4188 gestus
1288 4128 1315 4172 et
1386 4150 1388 4154 ·

211 4211 425 4275 manipulatioues
443 4227 591 4263 communes
607 4215 672 4278 ugit,
690 4220 736 4263 aut
752 4227 769 4263 a
783 4228 834 4278 quo
846 4213 958 4276 supplice
970 4211 1099 4262 odoratur.
1118 4211 1216 4260 Eadem
1227 4212 1313 4272 imago

212 4293 314 4345 diversa
330 4297 416 4362 paullo
435 4298 534 4347 ratione
552 4297 681 4350 delineata
698 4299 766 4365 apud
776 4299 918 4364 Aegyptios
932 4297 1093 4348 notissimum
1105 4303 1144 4346 est
1157 4295 1217 4346 solis
1236 4295 1312 4343 eimu-
