2954 4808
478 205 504 282 ξ.
522 209 548 264 5.
575 203 625 263 Da
643 219 740 264 sanus
758 206 968 264 Assrnroaun.
1201 221 1279 266 xxxx

172 391 336 468 prophetas
353 389 392 450 ad
409 388 550 448 Israelem
567 387 677 448 missos
695 406 779 461 esse,
802 395 893 468 atque
915 389 948 448 in
964 389 1027 452 eins
1043 389 1140 452 salute
1157 409 1275 470 compa·

172 492 268 552 rande
284 491 414 550 officium
431 508 533 550 eorum
551 498 646 549 totum
663 488 794 564 versari,
812 498 901 568 atque
918 491 993 552 adeo
1011 493 1047 552 de
1060 492 1208 552 vaticiniis
1224 493 1277 552 ad·

55 640 62 651 ,
172 609 276 654 versus
292 588 465 670 peregrinas
483 600 585 668 gentes
602 591 737 667 prolatas
748 592 843 668 probe
855 592 996 653 statuisse
1006 593 1191 666 II1nron1un,
1210 613 1276 654 cam

171 695 295 754 diceret:
314 711 531 770 „quaecunque
547 700 652 752 contra
668 700 769 770 gentes
786 679 956 769 proferunt,
980 713 1016 752 ea
1031 702 1155 772 propter
1170 695 1276 754 ludam

171 796 305 854 dicunt.“
331 794 433 854 Primo
452 793 530 852 enim
546 793 631 866 loco,
655 811 722 852 cum
738 792 776 852 iis
793 793 855 852 fere
872 795 1024 871 gentibus,
1049 815 1067 853 a
1085 795 1192 872 quibus
1208 814 1277 872 gra·

172 897 249 954 viter
264 903 389 972 propter
405 903 529 971 peccata
545 912 600 954 sna
617 894 818 966 vexabantur,
837 913 969 954 summae
986 895 1170 955 calamitates
1187 904 1278 973 atque

171 997 309 1056 interitus
326 995 576 1073 praedicerentur,
602 994 741 1054 solatium
762 995 831 1052 inde
849 1003 879 1054 et
895 995 1001 1056 salutis
1018 996 1162 1056 certitudo
1180 997 1276 1056 Israe-

170 1097 235 1158 litis
251 1097 441 1176 percipienda
456 1096 692 1176 proponebatur,
709 1114 765 1154 nec
781 1113 841 1154 non
858 1096 1062 1156 misericordia
1078 1098 1125 1156 dei
1139 1106 1168 1156 et
1181 1099 1275 1158 omni·

172 1199 324 1275 potentia,
347 1198 395 1257 cui
411 1197 468 1258 soli
485 1197 663 1256 confiderent
680 1215 776 1277 neque
793 1197 831 1256 ab
849 1196 1018 1258 hominibus
1034 1207 1169 1274 peterent
1191 1200 1276 1260 auxi·

171 1300 260 1373 linm3
281 1308 344 1358 turn
357 1317 432 1358 uero
454 1298 556 1376 gravis
574 1297 663 1356 etiam
680 1297 877 1356 exhibebatur
894 1291 1102 1374 commonitio,
1128 1308 1161 1360 ut
1178 1319 1276 1360 secum

172 1409 359 1476 reputarent,
391 1419 456 1459 cum
479 1407 564 1459 tanta
585 1397 732 1475 supplicia
754 1416 857 1456 eorum
886 1399 1090 1477 ingererentur
1119 1401 1276 1477 capitibus,

174 1501 226 1578 qui
242 1501 428 1561 offenderunt
440 1500 601 1558 Dominum
618 1499 670 1558 vix
688 1499 790 1576 aliqua
807 1499 865 1558 sibi
882 1500 1033 1576 cognitum
1051 1501 1172 1574 notitia,
1191 1502 1294 1580 qnid·-

173 1621 243 1664 nam
267 1602 341 1679 ipsis
363 1620 440 1679 quos
462 1619 548 1660 sacro
574 1600 631 1660 sibi
651 1599 767 1676 peculio
785 1600 914 1677 elegerat
931 1601 1020 1675 deus,
1044 1610 1074 1662 et
1097 1603 1205 1680 quibus
1223 1622 1277 1662 no·

173 1722 241 1762 men
265 1721 350 1763 suum
373 1701 611 1779 splendidissime
634 1701 770 1776 deinceps
792 1703 1030 1778 cognoscendum
1064 1713 1153 1782 atque
1182 1704 1277 1780 perci·

173 1805 313 1880 piendum
330 1805 525 1880 praebuerat,
543 1803 615 1880 qnid
633 1802 691 1862 sibi
708 1801 855 1861 videretur
872 1804 1105 1880 expectandum,
1124 1824 1189 1864 cnm
1207 1824 1278 1883 gen·

174 1906 247 1964 tium
268 1906 398 1981 peccatis
423 1913 453 1964 et
474 1903 733 1980 superstitionibus
757 1903 933 1979 imperatam
957 1924 976 1964 a
1004 1905 1060 1963 deo
1091 1906 1277 1966 sanctitatem

173 2006 260 2066 foede
276 2003 518 2084 inquinassentl¹
536 2038 573 2048 -
590 2005 633 2063 At
650 2022 720 2063 vero
739 2003 883 2062 eiusmodi
900 2005 1039 2064 vaticinia
1061 2005 1150 2066 latius
1174 2015 1277 2084 patere

173 2107 325 2179 videntum
348 2125 402 2166 nec
418 2105 566 2182 permulta
583 2105 703 2164 oracula
719 2104 789 2177 illa,
807 2124 883 2182 quae
899 2105 1030 2182 integras
1047 2126 1156 2185 easque
1180 2109 1277 2167 maxi·

173 2226 239 2268 mas
255 2206 404 2266 interdum
419 2207 564 2266 librorum
581 2205 822 2282 propheticorum
839 2207 998 2265 conficiunt
1006 2217 1125 2284 partes,
1138 2209 1276 2284 gentibus

174 2317 317 2385 tanquam
331 2307 420 2367 meris
431 2307 576 2384 exemplIs
589 2315 679 2384 atque
691 2306 894 2366 instrumentis
907 2316 1043 2382 utuntur,
1058 2309 1166 2386 quibus
1174 2309 1277 2368 Iudaei

174 2409 369 2468 educarentur
385 2407 542 2484 explicatis
551 2429 560 2480 3
584 2427 685 2466 verum
702 2407 786 2483 ipsas
803 2427 922 2485 quoque
943 2409 1068 2470 mirifica
1083 2410 1166 2470 verbi
1184 2411 1276 2470 divini

174 2508 221 2592 vjs
235 2519 264 2569 et
278 2510 437 2570 efficacitas
450 2509 526 2586 petit
538 2518 628 2587 atque
638 2508 780 2585 percellit.
806 2508 966 2568 Intercedit
979 2511 1056 2569 enim
1073 2520 1175 2570 mutua
1186 2530 1276 2588 quae·

173 2612 242 2674 dam
268 2611 441 2670 vicissitudo
467 2610 545 2670 inter
569 2609 692 2668 electum
715 2609 762 2668 dei
787 2610 931 2686 populum
954 2619 983 2669 et
1012 2611 1143 2687 reliquas
1173 2621 1276 2688 gentes

173 2731 289 2784 omnes3
312 2713 429 2790 generis
451 2710 573 2770 humani
595 2729 701 2770 caussa
724 2709 818 2770 Israel
841 2711 934 2770 electa
957 2720 1018 2784 est,
1049 2721 1152 2788 gentes
1176 2722 1276 2772 autem

174 2814 206 2871 in
223 2813 376 2872 educanda
392 2812 503 2872 lsraele
520 2829 575 2887 pro
594 2829 648 2870 suo
666 2811 787 2869 modulo
805 2820 980 2886 cooperant3
998 2812 1065 2870 ideo
1078 2815 1163 2872 sedes
1175 2833 1276 2872 earum

174 2914 334 2972 secundum
356 2913 564 2990 praestitutam
580 2911 701 2972 Israelis
723 2911 868 2970 rationem
890 2931 909 2971 a
931 2911 987 2970 deo
1004 2911 1180 2973 distributae
1196 2923 1275 2986 sunt,

172 3013 262 3073 Deut.
280 3013 423 3087 XXXII,
442 3017 466 3072 8.
496 3015 564 3071 Act.
583 3013 689 3085 XVII,
707 3017 750 3070 26.
768 3016 817 3085 ΙΙ,
844 3020 873 3070 et
889 3031 937 3072 res
955 3032 1055 3072 earum
1072 3013 1194 3091 fataque
1211 3015 1276 3073 uni·

173 3135 261 3176 versa
278 3123 358 3174 certa
376 3116 505 3193 quadam
529 3133 595 3172 curn
620 3132 706 3172 sacro
730 3111 857 3172 foederis
880 3114 993 3190 populo
1017 3115 1202 3174 continentur
1225 3136 1275 3174 ne-

174 3217 312 3277 cessitate
335 3225 424 3294 atque
447 3216 605 3276 secundum
629 3233 694 3272 eum
716 3214 917 3292 gubernantur
934 3215 1101 3290 modulum,
1127 3236 1186 3294 quo
1205 3237 1276 3296 erga

172 3319 314 3380 lsraelem
336 3336 402 3378 sese
426 3315 573 3394 gesserint
597 3323 626 3373 et
650 3323 762 3374 statuta
788 3315 845 3374 sibi
870 3336 992 3377 munera
1008 3319 1140 3378 exsecuti
1156 3320 1275 3380 fuerInt.

174 3419 227 3478 cfr.
247 3417 333 3479 Sach.
345 3419 376 3492 I,
394 3421 435 3477 15.
458 3418 542 3493 Ergo
560 3435 596 3474 ea
613 3435 733 3493 quoque
750 3416 954 3478 vaticiniorum
973 3419 1009 3476 de
1025 3421 1188 3496 peregrinis
1204 3439 1276 3498 gen·

174 3520 254 3579 tibus
272 3520 418 3578 editorum
435 3517 564 3596 dignitas
582 3526 642 3591 est,
666 3517 747 3595 quod
768 3535 825 3592 pro
847 3519 1025 3578 testimonib
1048 3520 1185 3580 habenda
1207 3530 1276 3581 sunt

175 3630 264 3697 atque
282 3619 434 3679 sententiis
452 3619 556 3678 edictis
574 3619 611 3676 ab
629 3636 680 3690 eo,
700 3617 751 3694 qui
765 3611 938 3678 Abrahamo
956 3619 1026 3678 olim
1045 3630 1075 3679 et
1092 3623 1195 3680 semini
1213 3622 1276 3681 eius

173 3720 324 3798 promisit:
344 3721 536 3794 „benedicam
553 3719 605 3792 iis,
625 3717 676 3796 qui
693 3717 748 3777 tibi
765 3718 985 3794 benedixerint,
1004 3729 1033 3779 et
1050 3721 1101 3798 qui
1119 3721 1172 3779 tibi
1186 3722 1275 3782 male-

137 3865 140 3870 ·
174 3821 319 3896 dixerint,
343 3821 380 3882 iis
397 3822 593 3880 maledicam“
617 3818 693 3878 Gen.
711 3818 791 3891 XII,
808 3821 843 3892 3,
867 3820 1023 3880 declaratis
1046 3821 1077 3878 in
1101 3822 1197 3880 medio
1222 3823 1275 3882 illo

174 3923 255 3984 orbis
273 3932 418 3982 terrarum
435 3924 517 3995 loco,
545 3940 604 3999 quo
623 3920 777 3978 universae
794 3921 909 3996 generis
933 3921 1053 3980 hnmani
1075 3941 1123 3982 res
1147 3921 1276 4000 undique

174 4043 275 4085 omnes
293 4033 452 4102 coguntur,
475 4031 625 4099 postremo
644 4021 805 4081 enuntiatis
823 4022 861 4080 ab
880 4022 942 4082 eins
959 4022 1062 4100 populi
1080 4023 1220 4098 ducibus,
1238 4025 1277 4082 ad

228 4255 252 4316 1)
271 4253 324 4308 cfr·
342 4254 468 4304 Hsaesrs.
486 4251 606 4302 Christol.
624 4250 681 4314 111,
699 4263 725 4314 p.
739 4250 796 4300 199.
