2954 4808
648 165 721 227 Car.
734 167 765 243 l,
783 187 811 226 v.
828 171 851 225 1.
1278 164 1299 232 5

195 350 333 424 Israelis,
351 351 567 426 perduellione,
586 353 658 430 quid
675 352 827 426 acerbius,
846 369 936 430 quam
952 351 1036 429 ipsos
1053 350 1143 412 etiam
1160 353 1298 426 ludaeos,
1347 391 1352 408 Ι

195 451 338 511 scelerato
356 471 421 510 cum
439 453 574 529 profanis
587 455 722 530 gentibus
734 453 794 511 icto
807 453 942 525 loedere,
960 447 1066 512 contra
1078 462 1298 514 sacrosanctam

193 571 371 629 consurgere
388 554 510 612 urbemi
527 545 574 628 (¹2
597 570 665 614 mm*
684 549 833 620 animvm?
853 569 903 620 oss
927 573 954 612 v.
968 554 1004 631 2)
1028 553 1097 628 Qua
1113 554 1300 614 contentione

193 648 353 729 perniciem
377 654 434 714 sibi
464 662 573 730 parant
595 650 713 724 Iudaei3
743 653 935 712 nihilominus
966 653 1024 712 Dei
1054 653 1153 732 gratia
1186 656 1298 716 reversi

194 753 224 811 in
248 753 454 828 sobrietatem,
480 754 630 831 praesidio
653 753 711 814 sibi
732 771 798 814 esse
820 753 1033 831 Hierosolyma
1056 754 1226 832 intelligunt
1242 763 1297 829 ct.;

194 863 226 914 at
238 853 393 914 victoriam
409 854 540 933 gentium
557 875 618 913 non
635 863 831 932 assequuntur
843 875 863 913 a
875 854 1023 929 Domino,
1041 853 1100 914 uisi
1117 855 1197 914 datis
1208 864 1298 916 antea

193 954 308 1032 poenis.
349 955 427 1014 Tum
449 975 519 1015 vero
543 955 667 1015 alterum
690 955 779 1015 etiam
802 955 935 1032 sequitur
957 959 1096 1029 „ouus“,
1118 955 1297 1032 gravissima

194 1056 231 1114 de
254 1055 365 1115 Messio
387 1057 525 1133 perfosso
548 1055 734 1134 querimonia
759 1065 789 1116 et
812 1056 978 1129 moestitia,
1005 1076 1034 1115 v.
1050 1061 1162 1116 10-14.
1181 1089 1218 1103 -
1253 1059 1296 1116 At

193 1175 264 1214 vero
289 1156 315 1216 si
338 1157 466 1232 amplior
489 1157 679 1216 nihilominus
702 1155 862 1232 promissa¹
876 1157 954 1216 inter
975 1156 1158 1217 calamitates
1181 1157 1296 1218 laetitia

192 1256 343 1330 videatur,
371 1277 460 1335 quam
484 1257 564 1335 quod
589 1257 688 1316 oneris
710 1257 829 1316 nomine
854 1257 1062 1334 comprehendi
1086 1257 1184 1333 possit
1206 1274 1294 1335 argu·

193 1366 341 1430 mentum,
360 1359 482 1416 eandem
498 1359 639 1418 habemus
655 1359 802 1417 rationem
819 1375 855 1418 ac
879 1360 911 1436 2)
927 1358 984 1417 les.
997 1357 1092 1432 XIX,
1115 1376 1175 1435 quo
1194 1377 1293 1416 exem-

191 1458 260 1534 plo,
286 1477 352 1517 oum
368 1459 509 1536 Aegypto
526 1478 586 1518 non
603 1459 700 1518 minae
723 1459 837 1532 solum,
862 1459 914 1518 sed
936 1459 1036 1518 felices
1058 1458 1148 1518 etiam
1171 1467 1294 1518 eventus

191 1558 413 1635 praedicantur,
436 1559 665 1620 Daumzscfflus
686 1557 795 1632 utitur,
821 1566 855 1618 ut
876 1560 1106 1634 demonstraret,
1131 1576 1192 1618 non
1214 1577 1294 1617 mere

191 1677 257 1719 esse
273 1641 442 1720 minitantia
453 1659 608 1733 vaticinia,
626 1679 703 1738 quae
718 1659 893 1736 inscriptum
908 1659 1021 1718 habent
1040 1673 1122 1720 amn.
1170 1660 1214 1716 At
1230 1679 1292 1718 am·

190 1759 327 1837 piissima
343 1759 510 1839 quaestioni
526 1762 580 1819 lux
597 1759 711 1819 accedit
727 1779 744 1818 e
760 1779 848 1821 versu
864 1760 941 1818 22⁶⁰:
962 1768 992 1818 et
1003 1760 1132 1835 percellit
1143 1757 1292 1820 Dominus

188 1861 360 1938 Aegyptum
381 1863 554 1936 percellendo
571 1863 654 1920 amad
669 1871 697 1920 et
712 1861 861 1928 medenda
886 1862 944 1920 hoc
965 1868 1012 1920 est
1036 1857 1114 1918 enim
1137 1859 1291 1937 proprium

188 1961 261 2019 illud
279 1969 309 2020 et
325 1961 473 2037 peculiare
488 1962 643 2040 plagarum
661 1961 844 2035 divinarum,
868 1962 949 2039 quod
964 1960 1157 2037 pessumdant
1173 1961 1292 2039 quidem

187 2069 374 2138 peccatores,
392 2063 536 2122 eiusmodi
552 2071 666 2136 tamen,
684 2071 794 2122 uttam
811 2060 1008 2122 conditionem
1025 2079 1115 2139 quam
1131 2061 1291 2120 remedium

188 2161 219 2220 in
237 2181 270 2222 se
285 2172 391 2241 gerant
406 2163 529 2237 salutis,
554 2163 712 2222 dummodo
729 2161 859 2239 perculsi
874 2162 997 2222 redeant
1018 2163 1058 2220 ad
1074 2161 1236 2219 Dominum
1253 2195 1290 2204 -

189 2271 240 2336 „et
255 2273 442 2323 reuertuntur
458 2266 497 2324 ad
512 2257 675 2323 Dominum
692 2272 722 2323 et
739 2264 862 2322 exaudit
877 2281 929 2322 ecs
953 2271 983 2321 et
999 2263 1131 2322 medetur
1146 2260 1223 2333 iis“;
1246 2270 1290 2320 at·

188 2373 303 2437 tamen,
326 2365 407 2443 quod
428 2365 556 2441 primum
579 2373 669 2443 atque
684 2362 815 2424 maxime
831 2364 911 2423 cadit
933 2364 988 2424 sub
1006 2363 1124 2437 oculos,
1149 2362 1292 2422 violentia

187 2473 234 2525 est
250 2465 404 2542 plagarum
429 2473 459 2524 et
481 2471 610 2524 onerum
625 2466 806 2544 ingestorum
829 2465 932 2524 moles.
967 2497 1004 2508 ··-
1037 2463 1171 2522 Nimium
1192 2467 1290 2522 autem

187 2563 263 2624 vidit
278 2565 465 2625 Kousuaaus
481 2567 513 2625 in
529 2568 587 2625 hoc
603 2585 726 2643 genere,
744 2567 764 2624 l.
778 2566 799 2624 l.
817 2585 848 2641 p.
862 2569 929 2624 260:
948 2563 1050 2638 „Dass
1068 2581 1100 2624 es
1117 2564 1167 2622 nie
1182 2565 1289 2624 audens

187 2666 233 2726 als
257 2666 305 2725 bei
321 2666 633 2744 Drohweissagungen
656 2667 817 2744 gebraucht
833 2667 947 2740 werde,
971 2665 1013 2724 ist
1028 2683 1088 2724 von
1113 2665 1216 2724 keiuer
1233 2664 1289 2724 Be·

187 2767 333 2844 deutung,
358 2767 396 2826 da
420 2766 452 2825 in
477 2768 555 2826 allen
573 2768 810 2844 Weissagungen
832 2767 919 2825 theils
944 2765 1085 2844 gedrcht,
1111 2765 1199 2824 theils
1223 2785 1289 2823 ver-

185 2867 303 2926 heissen
320 2867 433 2939 wird;“
457 2868 629 2928 inscribitur
645 2868 722 2927 enim
746 2887 765 2926 a
780 2875 867 2943 parte
889 2866 1000 2942 potiori
1017 2865 1183 2941 argumenti
1200 2865 1288 2924 ratio.

184 2969 217 3044 3)
233 2967 297 3025 Iam
322 2986 393 3026 vero
416 2968 660 3042 Dsuuuzsonius,
691 2987 756 3026 curn
779 2967 888 3025 Thren.
901 2965 947 3039 ΙΙ,
974 2971 1131 3024 lironem
1154 2972 1288 3024 nostram

141 3119 144 3124 .
185 3067 223 3126 de
234 3065 383 3127 vaticiniis
399 3087 523 3144 prorsus
539 3069 674 3128 felicibus
690 3069 748 3127 dici
765 3074 931 3140 asseveret,
949 3067 987 3124 ab
1005 3066 1112 3124 idoneo
1130 3065 1289 3123 verborum

186 3185 273 3227 sensu
290 3169 394 3228 abesse
410 3169 541 3228 videtur:
560 3178 664 3242 „vates
682 3169 725 3228 tui
741 3167 895 3226 mendacia
911 3166 965 3225 tibi
983 3176 1013 3226 et
1028 3165 1107 3224 salsa
1123 3163 1288 3224 vaticinan-

185 3277 248 3341 tur,
272 3288 326 3328 nec
343 3277 394 3328 tua
411 3269 465 3329 tibi
488 3270 623 3328 facinora
639 3269 792 3346 aperiunt,
818 3277 851 3326 ut
873 3267 998 3326 reditum
1021 3266 1171 3325 adducant
1195 3267 1288 3342 capti-

185 3387 305 3428 vorum:
333 3371 385 3428 sed
401 3371 479 3430 falsa
495 3369 549 3428 tibi
567 3369 765 3429 vaticinantur
781 3387 873 3428 onera
896 3376 926 3426 et
950 3367 1173 3439 seductiones“;
1197 3386 1289 3427 onera

185 3469 263 3528 enim
280 3479 382 3547 aperte
399 3479 469 3530 sunt
490 3469 633 3544 hostium,
661 3469 769 3549 quibus
793 3469 863 3528 salsi
879 3477 963 3528 vates
989 3468 1112 3526 exitium
1130 3468 1286 3544 praedixe-

184 3579 270 3644 runt,
295 3579 329 3629 ut
346 3591 448 3630 auram
471 3579 625 3648 captarent
648 3571 832 3647 popularem.
867 3570 899 3646 4)
916 3569 1018 3627 lerem.
1031 3568 1142 3626 xxm
1164 3587 1288 3626 acumen

184 3670 227 3730 rei
244 3670 274 3730 in
292 3689 327 3730 eo
345 3672 476 3747 positum
493 3679 554 3745 est,
572 3671 654 3750 quod
671 3670 846 3749 quotidiana
861 3669 940 3728 vatia
958 3685 1049 3726 onera
1065 3667 1145 3726 iacta
1162 3667 1201 3726 iis
1218 3686 1287 3726 one-

183 3789 255 3830 rosa
272 3781 371 3846 erunt,
391 3791 551 3851 eorumque
567 3771 697 3830 taedium
714 3777 869 3830 moverant
880 3777 910 3828 et
921 3768 1091 3839 lasciviam3
1109 3776 1198 3844 atque
1212 3768 1287 3826 adeo

183 3871 266 3932 Deus
283 3873 341 3931 hoc
363 3874 406 3932 uti
424 3873 513 3932 etiam
530 3872 675 3932 vocabulo
701 3873 861 3948 prophetas
878 3869 988 3940 vetuit,
1013 3889 1050 3926 ne
1074 3887 1161 3926 sacra
1185 3887 1287 3926 eorum

183 3972 316 4052 gravitas
340 3983 370 4032 et
393 3972 537 4034 severitas
561 3957 689 4031 ludibrio
713 3974 879 4031 haberetur.
925 3969 986 4030 cfr.
1005 3969 1202 4029 Hunesrnnr.
1226 3969 1247 4027 1.
1266 3968 1286 4027 l.

183 4077 290 4149 n·105·
789 4147 790 4150 a

233 4174 297 4233 Iam
320 4174 411 4252 igitur
436 4183 630 4254 posteaquam
659 4175 741 4236 effati
770 4183 947 4252 potestatem
976 4193 1029 4234 uec
1052 4193 1142 4250 posse
1167 4172 1287 4232 omniuo
