2954 4784
192 203 255 272 54'
606 207 679 266 Car.
693 206 741 278 II,
758 226 785 263 v.
802 208 877 262 1-5.

190 393 247 452 Ies.
265 391 319 464 IV,
337 396 354 448 2
371 409 427 465 sa,
446 401 497 451 aut
514 391 682 468 superbiam
698 390 810 467 ipsam,
834 396 886 448 aut
903 386 949 460 id,
974 406 1033 464 quo
1052 385 1119 464 quis
1136 385 1293 463 gloriatur.

193 494 227 571 l)
253 490 479 568 Superbiam
521 492 611 569 igitur
644 498 680 550 et
714 489 853 549 fastum
895 491 934 567 a)
957 487 1173 546 subiectivo
1206 506 1294 547 sensu

136 579 138 584 ’
191 592 305 669 aceepit
328 591 501 651 Canvrnus:
531 600 698 665 „maturum
721 609 787 650 esse
811 599 926 666 tempus
948 586 1042 646 exitio
1064 587 1146 647 urbis
1173 587 1293 659 Ninive,

192 693 263 771 quia
278 693 338 750 iam
356 693 429 752 satis
446 711 593 770 superque
609 691 724 752 subacti
748 698 863 750 suntet
885 687 1031 769 humiliati
1053 687 1200 759 Iudaei;“
1227 687 1293 746 sim.

190 793 342 864 Hiuaou„
374 791 510 864 Manum,
540 792 717 862 Kattnstzi13
750 791 944 866 interponunt
973 805 1044 865 ergo
1074 787 1293 864 syllogismum,

191 901 281 971 atque
298 891 372 951 adeo
390 911 548 952 nervosum
565 892 698 950 ordinem
712 890 923 951 sententiarum
937 887 1088 947 offendunt
1094 907 1103 959 3
1121 887 1227 946 deinde
1244 907 1296 946 ne-

192 993 308 1070 gligunt
320 992 445 1051 alterum
458 1011 561 1052 versus
573 992 751 1064 membrum,
770 991 850 1067 quod
863 1008 923 1048 non
936 987 1155 1064 praepositione
1174 1003 1223 1066 sq,
1242 988 1296 1048 sed

192 1093 333 1170 copula]
363 1093 482 1151 deberet
502 1092 633 1164 annecti3
657 1099 808 1168 postremo
837 1091 910 1150 haec
940 1087 1099 1163 explicatio
1129 1107 1224 1166 aeque
1248 1096 1295 1148 est

191 1193 285 1252 futiIIs
302 1173 390 1271 quam
408 1210 530 1266 omnes,
553 1209 629 1269 quae
653 1211 673 1256 a
696 1190 853 1250 transitiva
876 1196 1024 1265 potestate
1040 1187 1122 1246 verbi
1143 1204 1207 1253 :rw
1229 1207 1294 1248 sus·

191 1293 368 1369 penduntur.
393 1291 493 1367 Quare
518 1310 577 1350 non
600 1292 697 1350 minus
721 1274 924 1366 improbamus
948 1307 1050 1348 eorum
1074 1287 1293 1364 interpretatio·

192 1412 273 1465 uem,
299 1393 351 1471 qui
372 1393 406 1470 b)
424 1392 651 1452 obiectivum
673 1391 830 1468 superbiae
847 1408 965 1451 sensum
987 1388 1204 1464 praetuleruutt
1227 1407 1294 1448 eam

191 1493 377 1569 superbiam,
400 1513 489 1570 quam
512 1492 615 1551 Iudaei
639 1493 677 1550 ab
701 1490 836 1568 Assyriis
865 1488 983 1566 experti
1013 1489 1088 1560 sint,
1114 1488 1293 1561 Turonos,

192 1593 335 1666 (limen,
360 1591 477 1665 Gaea,
501 1593 624 1652 Kanna.
649 1593 681 1670 2)
703 1590 927 1651 Transeundum
945 1598 990 1650 est
1006 1589 1096 1666 igitur
1112 1589 1151 1648 ad
1168 1589 1294 1648 alteram

192 1714 220 1753 v.
242 1707 306 1768 trau
325 1693 489 1752 notionem:
520 1693 572 1765 id,
604 1711 674 1767 quo
697 1691 780 1769 quis
804 1691 1008 1768 gloriatur3
1031 1707 1125 1767 eaque
1149 1689 1294 1766 exemplis

192 1793 382 1869 amplissimis
410 1792 640 1852 commendatur.
677 1792 782 1850 Amos.
806 1792 867 1864 VI,
892 1795 909 1849 8
932 1791 974 1850 ³¹¹:
1003 1789 1149 1866 significat
1177 1809 1293 1850 omnem

192 1892 455 1969 magnificentiam,
482 1913 542 1970 qua
564 1911 648 1952 sacra
665 1891 724 1950 Dei
747 1910 820 1968 gens
843 1900 949 1951 ornata
971 1900 1031 1962 est3
1055 1909 1131 1968 quae
1154 1889 1293 1967 quoniam

191 2015 210 2053 a
232 1993 299 2052 Deo
324 1994 394 2052 data
418 2001 480 2066 est,
507 1993 567 2068 ipsi
584 1992 650 2051 Deo
674 1992 730 2050 hoc
754 2011 862 2050 nomen
893 1991 1032 2050 tribuitur
1053 1990 1124 2049 ibid.
1147 1990 1238 2063 VIII,
1262 1995 1293 2062 73

190 2095 303 2170 primm
324 2103 423 2153 antem
445 2093 528 2154 locus
551 2094 627 2152 inter
649 2091 770 2152 Israelis
792 2091 948 2168 privilegia
974 2109 1077 2152 sacrae
1109 2099 1206 2150 terrae
1232 2100 1293 2162 est;

191 2213 284 2272 quare
306 2195 353 2253 vel
376 2214 412 2252 ea
434 2173 713 2270 appellatur'decus
738 2192 840 2252 Iacobi
863 2192 915 2252 Ps.
938 2191 1070 2264 XLVII,
1093 2194 1119 2249 5.
1146 2190 1230 2250 Nihil
1247 2201 1294 2250 est

190 2314 276 2367 vero,
308 2294 389 2371 quod
418 2294 456 2352 ad
487 2294 645 2370 specialem
669 2293 746 2352 hano
768 2287 1014 2368 significationem
1038 2292 1183 2352 sententia
1204 2276 1293 2350 'verbi

190 2395 398 2471 restringatur3
415 2395 475 2453 imo
493 2393 698 2466 Tuscum,
715 2392 891 2452 Lunnaaun
901 2392 939 2469 ¹),
954 2390 1184 2452 Scamannaun
1201 2391 1293 2452 secuti

190 2513 292 2554 omnes
308 2494 499 2570 intelligimus
517 2494 658 2566 virtutes,
683 2513 760 2570 quae
784 2511 822 2550 ex
840 2492 981 2552 electione
998 2492 1099 2552 divina
1121 2491 1153 2550 in
1178 2511 1293 2553 sacram

189 2604 305 2672 gentem
322 2594 541 2668 redundabant,
566 2605 595 2654 et
617 2594 725 2670 quibus
747 2593 940 2654 sacerdotalis
958 2593 1021 2652 eius
1038 2592 1179 2670 regiaque
1197 2592 1292 2670 digni·

189 2703 236 2754 tas
253 2696 427 2754 cernebatur
449 2696 502 2754 cfr.
521 2696 620 2753 Exod.
638 2694 733 2766 XIX,
751 2699 777 2752 6.
802 2693 886 2754 Deus
911 2702 1026 2766 autem,
1052 2693 1078 2752 si
1100 2694 1140 2752 ad
1161 2693 1292 2769 aliquem

188 2795 360 2868 revertitur,
379 2815 445 2854 oum
462 2796 559 2873 gratia
580 2814 635 2855 sua
651 2802 741 2871 atque
758 2794 892 2870 potentia
908 2794 1081 2866 revertitur;
1100 2811 1170 2870 ergo
1188 2813 1294 2854 sensus

189 2897 332 2956 enuntiati
349 2897 397 2956 hio
411 2897 474 2956 fere
491 2904 552 2954 est:
575 2894 724 2955 Dominus
741 2903 858 2970 gentem
883 2913 983 2968 suam,
1007 2914 1085 2972 quae
1110 2893 1292 2971 aliquamdiu

188 2998 226 3056 ab
245 3016 280 3056 eo
299 2997 439 3056 destituta
453 2996 622 3069 videbatur,
641 3015 707 3055 cum
723 2994 861 3054 hostibus
877 3004 956 3054 esset
968 2995 1100 3067 subdita,
1118 2994 1290 3070 propediem

186 3098 230 3158 ita
246 3097 421 3170 vindicabit,
446 3104 480 3156 ut
501 3097 659 3156 manifesto
680 3102 841 3170 appareat,
866 3114 932 3154 eam
958 3114 1023 3156 esse
1046 3095 1168 3154 electam
1191 3115 1210 3154 a
1233 3095 1289 3154 deo

186 3217 259 3272 prae
276 3197 412 3256 omnibus
429 3197 566 3274 gentibus
584 3205 613 3255 et
629 3195 668 3255 ad
685 3213 801 3256 sacrum
819 3195 881 3255 eius
899 3195 1044 3271 peculium
1068 3195 1246 3256 destinatam
1255 3195 1292 3274 ²).

221 3393 246 3452 1)
263 3391 394 3440 Luranius
405 3389 433 3436 in
444 3389 562 3438 versione
573 3388 675 3452 quidem
687 3388 802 3438 exhibet:
815 3403 861 3450 „er
874 3389 965 3452 vergilt
977 3389 1020 3438 die
1033 3387 1157 3439 Hoffabrt
1169 3385 1291 3448 Iacobs;“

186 3474 232 3524 sed
249 3475 276 3522 in
294 3472 477 3522 commentario
495 3480 637 3522 asseverat:
657 3473 730 3534 „lam
741 3480 826 3523 autem
840 3475 910 3524 venit
926 3480 1039 3538 tempus,
1057 3487 1107 3536 quo
1121 3473 1205 3536 gloria
1219 3471 1292 3534 regni

186 3557 262 3608 Iacob
280 3562 306 3606 et
322 3555 390 3605 Iuda
411 3555 518 3618 redibit,
541 3573 593 3606 non
616 3559 723 3621 amplius
745 3557 875 3620 affligetur
895 3557 975 3619 Iuda,
1000 3556 1046 3606 sed
1068 3555 1205 3618 gloriosius
1229 3555 1291 3616 erit3
1344 3551 1349 3558 “

186 3650 261 3707 atque
279 3645 317 3693 ita
334 3640 453 3704 superbia
470 3641 596 3704 significat
613 3641 653 3691 hic
670 3642 792 3704 gloriam,
810 3657 943 3706 pompam,
961 3638 1137 3704 splendorem,
1155 3645 1181 3689 et
1193 3639 1291 3703 magni-

187 3728 299 3777 tudinem
317 3727 389 3789 regni
407 3741 452 3776 sen
468 3725 600 3787 decorem,
618 3725 645 3775 id
663 3725 731 3790 quod
743 3731 813 3790 patet
825 3727 903 3775 etiam
915 3739 948 3774 ex
960 3725 1045 3776 Exod.
1060 3725 1121 3786 XV,
1139 3724 1182 3772 ubi
1200 3723 1292 3772 eadem

186 3828 237 3862 vox
254 3818 294 3861 est
310 3812 337 3859 in
354 3811 481 3872 hebraeo,
498 3811 611 3872 gloriose
627 3811 805 3873 magnificatus
823 3816 869 3859 est.

219 3896 246 3957 2)
265 3895 341 3957 ,Wie
358 3909 386 3944 er
403 3894 458 3943 hier
476 3894 584 3957 gethan,
607 3909 636 3944 so
654 3895 760 3944 istacin
778 3894 855 3944 Thun
874 3896 1029 3956 immersort3
1047 3895 1100 3944 und
1124 3893 1188 3943 nach
1203 3893 1291 3958 jedem

185 3978 288 4028 solchen
306 3977 382 4042 Siege
400 3977 506 4027 schenkt
524 3992 552 4027 er
569 3992 617 4026 uns
638 3993 715 4027 unser
731 3979 801 4028 Erbe
825 3980 890 4028 aul's
908 3979 993 4040 Neue,
1017 3979 1067 4028 den
1085 3976 1156 4029 Stoln
1173 3977 1290 4028 Jakob's.

185 4061 222 4111 So
239 4062 288 4110 soll
305 4062 369 4110 auch
383 4062 457 4127 jeder
474 4077 539 4111 neue
555 4063 686 4126 geistliche
703 4061 765 4127 Sieg
781 4063 840 4112 dem
854 4063 939 4113 Volkc
957 4062 1049 4114 Gottes
1073 4063 1114 4111 die
1132 4061 1287 4112 Gewissheit

185 4145 268 4193 seiner
284 4145 441 4209 Erwihlung
458 4146 510 4194 und
528 4146 592 4194 aller
603 4145 810 4209 Verbeissungen
828 4146 873 4196 des
884 4147 969 4196 Herrn
983 4145 1183 4208 wledergeben.“
1215 4145 1246 4195 0.
1257 4160 1289 4195 un

185 4228 312 4278 Gramen.
332 4228 365 4278 ad
383 4229 425 4279 Ps.
443 4229 557 4290 XLVII,
578 4231 600 4280 5.
