2954 4784
633 173 705 236 Gar.
719 175 767 248 II,
785 195 813 236 v.
828 181 854 235 4.
1249 171 1293 242 61

190 361 345 442 ccccmo,
363 359 540 433 Sounoua,
559 360 723 432 Miseno,
741 359 810 420 altis
828 369 997 437 cupressus,
1015 359 1121 418 Iusrro
1138 359 1296 439 all.-idque

191 463 352 524 secundum
374 462 457 522 locos
482 483 502 521 a
525 460 667 521 Gnsnmo
692 460 766 520 thes.
791 480 819 519 a.
844 479 874 520 v.
900 459 1040 520 collectos
1064 459 1181 520 videtur
1203 462 1297 522 satim

192 565 276 635 esse,
299 562 357 622 Ias.
382 562 447 635 LV,
468 566 514 634 133
536 561 613 622 Hos.
630 559 717 634 XIV,
737 565 752 618 9
776 561 827 620 ull.
861 559 991 636 Propius
1008 569 1107 620 autem
1123 577 1227 622 sensus
1244 561 1298 620 vix

192 663 363 722 retinendus
381 663 438 720 erit
443 684 451 734 3
471 681 557 735 nam,
576 661 658 736 quod
671 660 784 739 placuit
799 660 964 720 nonnullis:
979 660 1088 733 „sicuti
1100 660 1213 720 abietes
1226 680 1297 720 con-

192 764 405 836 tremiscunt,“
422 763 493 826 ¹vel:
518 761 663 836 „arbores
685 761 766 820 intra
788 761 942 838 pomoeria
967 761 1050 820 urbis
1066 761 1219 838 plantatae
1235 762 1298 833 sive

193 863 281 924 aedes
303 881 341 922 ex
364 864 446 940 tigno
470 864 596 939 abiegno
631 866 853 933 constructae,“
886 862 1010 937 probari
1038 860 1147 920 nomini
1176 862 1296 937 poterit.

192 963 394 1039 Metaphorice
406 963 496 1040 igitur
506 983 567 1022 non
580 971 733 1038 magnates
750 961 842 1037 (Ion,
856 960 988 1034 K1ucn1,
1001 961 1131 1034 Annua,
1144 961 1298 1040 Vastan.)

193 1065 241 1122 vel
257 1063 340 1122 viros
356 1064 492 1124 hastatos
509 1063 696 1139 (Buxroar.)
712 1061 924 1139 intelligemus,
942 1061 995 1121 sed
1007 1060 1138 1122 hastase
1155 1081 1297 1138 cupresso

193 1164 371 1236 fabricatas,
389 1163 625 1241 impugnantium
641 1161 779 1222 manibus
797 1171 955 1239 quassatas
972 1160 1114 1239 (Grion),
1136 1162 1180 1222 ita
1196 1170 1229 1220 ut
1247 1163 1297 1222 sil-

195 1282 263 1322 vam
281 1263 343 1322 iere
359 1263 490 1322 abietum
508 1271 597 1324 vento
614 1261 758 1338 agitatam
775 1270 903 1339 aequent
919 1261 1109 1339 (anneum,
1123 1261 1297 1335 Knnmsxr,

194 1364 302 1440 H1rz.)
318 1363 424 1436 LXX,
447 1380 467 1422 :r
489 1363 613 1424 confuso
627 1381 693 1420 oum
716 1379 750 1436 n,
768 1360 846 1439 Syro
860 1369 1015 1439 sequente,
1033 1362 1144 1421 habent
1175 1352 1223 1422 οἵ
1239 1353 1297 1422 itt-

194 1460 271 1534 πεῖς
297 1454 607 1545 θορυβηθήσονται.
642 1462 820 1536 Matremne,
844 1462 895 1541 qui
918 1463 976 1520 hoc
998 1479 1117 1539 quoque
1138 1463 1170 1520 in
1192 1476 1299 1538 genere

196 1563 332 1623 diversos
349 1582 399 1622 vv.
424 1557 473 1622 dd.
497 1563 585 1624 affert
606 1562 762 1638 opiniones
779 1570 810 1622 et
826 1569 1008 1634 commenta,
1033 1581 1110 1639 quae
1127 1579 1300 1622 enumerare

196 1665 318 1739 longum
336 1671 397 1736 ast,
414 1663 479 1739 ipse
501 1681 562 1721 non
584 1662 680 1736 videt,
704 1679 756 1722 cur
773 1662 900 1739 deipsis
917 1663 1051 1722 curribus
1069 1663 1167 1740 quoad
1183 1671 1299 1739 partem

197 1782 297 1822 eorum
314 1762 443 1839 ligneam
461 1763 611 1841 quassatis
629 1772 741 1822 etcum
759 1771 886 1823 tremore
902 1763 991 1822 motis
1013 1781 1075 1821 non
1099 1763 1244 1840 cogitetur
1261 1795 1297 1806 -

196 1872 228 1923 at
248 1862 335 1922 facile
349 1862 539 1940 intelligitur,
557 1881 692 1922 curruum
712 1863 801 1922 citato
819 1883 907 1924 cursu
924 1864 1103 1941 agitatorum
1115 1864 1228 1941 lignum
1239 1882 1300 1922 non

196 1961 329 2039 conspici
346 1973 490 2037 tremens,
513 1964 566 2024 sed
588 1963 681 2022 multo
704 1963 800 2040 magis
816 1964 919 2024 hastas
935 1965 974 2022 ab
991 1965 1113 2024 armatis
1131 1973 1299 2042 quassatas.

196 2061 256 2130 bna
279 2063 361 2121 verbi
383 2063 481 2140 specie
498 2055 583 2122 unice
599 2063 647 2122 hic
667 2063 789 2140 legitur3
812 2063 896 2122 notio
922 2062 1066 2124 tremendi
1089 2071 1119 2122 ct
1140 2063 1300 2122 vacillandi
1413 2103 1423 2124 0

198 2182 264 2222 cum
281 2181 320 2222 ax
337 2164 405 2224 aliis
421 2163 527 2223 formis
544 2163 657 2222 eluceat
674 2157 792 2239 (ubuum
809 2163 948 2222 titubatio
966 2164 1018 2224 Ps.
1036 2163 1109 2235 LX,
1123 2167 1140 2222 5
1149 2181 1157 2234 ;
1175 2163 1233 2222 Ies.
1247 2162 1299 2236 LI,

199 2269 241 2323 17.
258 2267 291 2322 tt
309 2271 339 2322 ct
354 2257 414 2328 bna
432 2263 519 2326 Sach.
536 2264 614 2337 XII,
631 2269 664 2335 23
681 2263 738 2322 Ios.
756 2263 818 2336 III,
838 2265 884 2342 19)
901 2272 963 2323 tum
980 2283 1000 2324 a
1016 2261 1226 2322 Souaononao
1243 2263 1263 2322 l.
1277 2263 1298 2322 1.

168 2403 171 2412 ·
197 2365 399 2424 demonstrata
416 2373 475 2438 est,
494 2365 629 2424 refutatis
646 2363 836 2440 opinionibus
850 2363 1090 2424 Goussnrnlex.
1108 2366 1229 2440 pltat,
1247 2363 1300 2440 qui

199 2465 348 2538 „rubrum
366 2469 456 2524 esse“
475 2465 592 2525 statuit:
618 2471 773 2540 „possunt
788 2463 871 2523 rubri
887 2464 951 2522 fieri
968 2463 1127 2540 sanguine,
1155 2482 1214 2541 quo
1238 2463 1299 2522 ine-

197 2564 288 2623 briati
304 2555 377 2640 prae
394 2566 480 2642 copia
497 2565 667 2637 videantur,
690 2572 779 2640 atque
802 2565 877 2624 adeo
898 2565 979 2624 viros
997 2564 1139 2624 ebrietate
1161 2565 1299 2624 rubentes

197 2665 344 2736 referre,“
362 2673 392 2724 et
408 2665 627 2737 Rabbiuorum,
646 2665 697 2742 qui
714 2664 847 2740 tegendi,
866 2663 1017 2740 operiendi
1028 2664 1225 2741 significatum
1238 2672 1299 2724 tra·

198 2765 279 2824 dunt.
309 2762 487 2826 Goussnuro
505 2765 556 2824 alii
572 2765 753 2837 cessabunt,
772 2765 823 2842 qui
840 2765 877 2824 de
892 2765 1003 2838 hastis,
1022 2763 1200 2841 Scythorum
1217 2783 1301 2822 more

198 2864 297 2925 unctis
315 2865 474 2938 cavillant,
493 2865 642 2938 Onerum,
661 2862 779 2936 Giton,
804 2864 920 2937 Daue,
944 2865 976 2923 id
993 2863 1074 2942 quod
1091 2871 1235 2941 repugnat
1253 2884 1301 2922 or-

198 2966 261 3030 dini
278 2965 504 3024 sententiarum:
522 2973 680 3025 narrantur
697 2965 774 3022 enim
792 2984 827 3024 ea
844 2983 921 3041 quaa
933 2964 1154 3040 conspiciuntur
1166 2963 1300 3022 curribus

197 3065 523 3142 appropinquantibus,
554 3084 608 3124 nec
637 3083 714 3142 quaa
743 3063 823 3126 facta
850 3065 961 3123 dudum
990 3072 1078 3124 antea
1107 3072 1185 3122 sunt.
1208 3096 1244 3104 -
1268 3060 1302 3122 Si

199 3165 367 3245 quaeritur,
390 3166 488 3225 sintne
504 3166 640 3224 manibus
656 3165 782 3223 militum
799 3165 933 3224 vibratae
949 3165 1071 3226 lanceae
1088 3163 1236 3240 (Manu),
1262 3181 1301 3220 an

199 3265 325 3325 tremulo
346 3284 484 3324 curruum
512 3273 595 3324 motu
618 3273 777 3341 quassatae
792 3264 985 3342 (Hostum),
1008 3272 1135 3342 utraque
1157 3263 1304 3322 sententia

200 3384 265 3424 cum
283 3365 379 3425 altera
394 3365 599 3442 coniungenda
615 3365 740 3426 ridetur.
758 3398 795 3408 -
813 3362 938 3424 (lanuto
954 3366 985 3424 in
998 3373 1083 3424 textu
1095 3385 1113 3424 a
1124 3363 1304 3423 Masorethis

200 3464 310 3524 tradito
327 3485 501 3540 permanere
517 3466 622 3524 durum
640 3476 699 3538 cst3
717 3465 790 3540 legit
804 3465 895 3542 igitur
912 3460 1027 3547 olimst,
1055 3465 1206 3524 turmatim
1223 3471 1303 3535 eunt,

200 3561 282 3628 nbm
304 3565 381 3624 enim
398 3567 471 3626 dicit
487 3584 552 3626 esse
569 3574 696 3624 turmam
714 3564 820 3640 viginti
842 3566 890 3624 vel
906 3544 1030 3642 triginta
1046 3565 1171 3624 militum
1189 3597 1225 3608 -
1243 3581 1303 3640 quc

201 3665 253 3723 vix
271 3665 412 3741 languere
429 3667 591 3744 quidquam
608 3665 743 3726 miserius
760 3672 868 3740 potest.

719 3860 747 3898 v.
765 3842 791 3898 5.

253 3967 293 4024 Iu
313 3969 383 4026 uicis
405 3971 549 4026 insaniunt
565 3983 679 4034 currum
707 3967 845 4024 metuont
865 3967 896 4022 tn
916 3965 1036 4040 plateis:
1058 3973 1186 4038 captum
1209 3944 1305 4022 aarum

202 4067 423 4140 inmerserunt
448 4070 522 4127 velut
531 4069 652 4141 sulpura
667 4074 761 4126 ruant
810 4064 1008 4124 continuatur
1025 4063 1172 4124 exercitus
1189 4063 1307 4124 hostilis

204 4167 379 4244 descripti03
398 4174 457 4228 v.4
474 4167 716 4244 appropinquant
735 4185 752 4223 e
768 4165 942 4243 longinquo,
962 4168 1013 4224 ab
1030 4163 1155 4240 propius
1172 4163 1307 4242 aggredi·
