2954 4808
510 270 536 347 ξ.
554 273 581 330 3.
610 269 661 330 Du
679 287 799 332 sursus
816 271 958 332 Nasum.
1226 289 1294 336 xvn

240 457 271 534 6)
300 454 398 512 Porro
416 454 455 512 ad
473 453 604 514 eiusdem
622 455 865 517 Assarhaddonis
895 475 1017 534 regnum
1039 457 1180 533 pertinet,
1212 460 1294 537 quod

189 555 307 615 ludaeis
324 555 457 614 videmus
480 555 642 632 periculum
666 557 703 614 ab
721 557 857 635 Assyriis
879 558 1031 616 imminere
1047 558 1128 630 II,1
1154 559 1293 632 „celebra

189 657 264 715 Iuda
280 657 358 716 festa
376 664 442 730 tua,
461 657 584 716 exsolve
602 665 674 716 vota
690 661 763 716 tua“
774 659 835 718 cir.
853 677 924 736 pag.
937 663 986 731 493
1011 657 1101 737 quid?
1124 661 1206 736 quod
1221 661 1292 739 iugo

188 775 291 815 eorum
309 766 339 815 et
355 757 550 816 dominationi
567 757 691 818 subiecti
708 765 791 832 sunt,
810 759 862 819 cir.
881 761 913 833 I,
930 780 959 819 v.
976 765 1016 819 11.
1037 763 1078 818 13.
1095 760 1142 833 11,
1160 766 1185 820 l.
1208 761 1294 823 Haeo

188 853 288 916 autem
304 857 435 917 conditio
460 858 505 916 illi
527 859 668 934 tempori,
696 859 775 936 quod
794 857 950 920 Sanheribi
972 861 1086 920 cladem
1104 862 1293 924 subsecutum

187 966 250 1031 est,
273 956 355 1016 nullo
373 958 462 1016 modo
484 959 622 1036 adaptari
639 966 748 1036 potest.
776 959 856 1019 Nam
880 961 933 1039 qui
949 961 1108 1021 Kuossurr
1129 971 1293 1040 sequuntur

173 1059 380 1132 sententiam,
407 1059 458 1136 qui
477 1059 596 1120 Iudaeis
622 1059 774 1120 existimat
791 1062 951 1121 timendum
967 1062 1077 1135 fuisse,
1096 1081 1133 1120 nc
1146 1061 1291 1126 Sanherib

187 1177 242 1218 rex
258 1160 381 1236 integris
398 1160 493 1236 copiis
511 1160 641 1220 collectis
657 1161 764 1220 iterum
781 1170 893 1238 peteret
908 1164 1065 1235 Iudaeam,
1083 1171 1117 1222 ut
1139 1173 1291 1241 acceptam

187 1260 302 1319 cladem
318 1268 486 1338 repararet,
511 1262 534 1319 ii
550 1261 582 1319 in
598 1261 677 1320 idem
693 1263 827 1322 incidunt
842 1263 963 1338 vitium,
989 1265 1070 1341 quod
1092 1265 1182 1324 modo
1205 1275 1291 1326 nota·

185 1361 292 1420 vimus.
319 1363 362 1420 At
378 1381 449 1420 vero
466 1363 682 1422 Assarhaddon
702 1381 766 1422 cum
787 1383 882 1424 novos
899 1366 1023 1424 colonos
1048 1365 1080 1422 in
1092 1365 1291 1445 Ephraimiti·

186 1481 251 1521 cam
275 1471 384 1522 terram
409 1463 579 1536 deduceret,
614 1464 666 1540 qui
689 1473 848 1524 evacuatos
869 1466 1032 1525 incolerent
1054 1483 1158 1542 agros,
1185 1467 1291 1544 copiae

185 1563 250 1622 eius
274 1565 377 1625 crebro
401 1565 578 1638 ludaeorum
606 1565 693 1623 etiam
722 1566 796 1624 fines
827 1575 1024 1647 vexaverunt,
1057 1575 1086 1624 et
1116 1567 1163 1626 vel
1190 1587 1290 1646 regem

184 1681 285 1722 eorum
303 1665 491 1738 Manassem,
516 1666 671 1725 occasione
688 1666 807 1739 oblata,
835 1675 953 1744 captum
975 1668 1165 1745 vinctumque
1188 1669 1290 1748 Baby·

184 1765 281 1824 lonem
298 1775 535 1842 asportaverunt

237 1870 268 1946 7)
284 1868 348 1925 Iam
366 1887 437 1926 vero
455 1885 514 1925 uon
533 1867 724 1926 omittendum
742 1876 801 1941 est,
821 1870 901 1946 quod
919 1887 1065 1946 nusquam
1082 1867 1204 1930 Nahum
1221 1889 1289 1946 pcc-

186 1977 253 2027 cata
269 1967 373 2046 populi
391 1967 507 2044 arguit,
534 1987 589 2026 nec
605 1977 734 2026 atrocem
754 1969 898 2029 defectum
915 1990 934 2027 a
950 1969 1099 2043 Domino,
1123 1990 1210 2048 quem
1234 1971 1290 2032 ad·¹

170 2069 343 2142 miserant,
368 2069 547 2145 exprobrat,
571 2069 623 2128 sed
649 2069 744 2128 sclam
767 2070 973 2129 liberationem
997 2078 1027 2128 et
1049 2071 1174 2129 salutem
1201 2090 1287 2147 prae-

185 2170 272 2230 dicat.
299 2170 374 2227 Tale
399 2170 471 2248 quid
494 2178 607 2242 autem,
632 2189 669 2228 ne
685 2171 763 2228 forte
784 2171 815 2228 in
839 2171 982 2230 falsorum
1006 2171 1216 2246 prophetarum
1234 2191 1288 2232 nu·

185 2289 266 2328 mero
292 2271 465 2344 haberetur,
491 2271 626 2329 omittere
649 2271 771 2328 omnino
795 2290 854 2329 non
878 2279 1010 2347 poterat,
1041 2271 1099 2330 nisi
1124 2290 1159 2330 ea
1182 2272 1287 2348 populi

184 2378 249 2430 erat
266 2371 411 2444 conditio,
435 2381 469 2429 ut
491 2371 596 2447 poenis
621 2379 744 2447 peccata
767 2371 931 2432 subsecutis
949 2372 1023 2432 satis
1041 2391 1188 2448 superque
1204 2372 1287 2432 vide·

184 2478 266 2531 retur
288 2489 448 2547 oppressus
471 2481 561 2548 atque
582 2472 809 2548 pessumdatus,
834 2481 924 2550 atque
940 2473 1032 2546 adeo,
1059 2481 1202 2550 quantum
1222 2473 1288 2533 fieri

184 2580 304 2650 posset,
335 2573 440 2632 salutis
469 2572 638 2648 promissae
664 2573 772 2632 solatio
803 2593 822 2632 a
851 2574 1057 2650 desperatione
1087 2583 1286 2634 revocaretur.

183 2673 391 2748 Quaerendum
411 2692 481 2750 ergo
499 2673 621 2750 aliquod
639 2681 755 2749 tempus
773 2682 832 2747 est,
858 2693 917 2751 quo
941 2675 1059 2746 Iudaei,
1083 2675 1224 2734 Manasse
1240 2695 1286 2736 re·
1318 2683 1321 2692 '

184 2783 309 2850 gnsnte,
327 2774 458 2851 graviter
474 2775 577 2833 afflicti
595 2793 725 2834 summas
743 2775 926 2834 calamitates
944 2782 973 2834 et
991 2776 1039 2833 vel
1055 2775 1179 2834 exitium
1196 2784 1287 2852 atque

182 2877 341 2951 perniciem
359 2875 537 2952 reipublicae
553 2873 766 2951 pertimuerint.
819 2875 992 2935 Cuiusmodi
1016 2883 1177 2952 tempestas
1199 2877 1287 2936 unica

182 2977 328 3052 reperitur
351 2976 418 3049 illa,
449 2995 510 3054 qua
531 2977 706 3034 Manasse
734 2995 824 3052 rege
850 2977 887 3033 in
918 2975 1187 3051 captivitatem
1219 2977 1285 3036 ub·

183 3077 300 3135 ducto
318 3076 377 3152 ipsi
395 3065 587 3150 verebantur,
605 3097 658 3148 ne,
685 3077 932 3154 quemadmodum
948 3075 1164 3151 Ephraimitico
1181 3093 1285 3152 regnu,

182 3177 225 3235 ita
249 3177 370 3236 Iudaico
393 3198 513 3256 quoque
535 3177 671 3235 interitus
694 3177 732 3234 ab
758 3178 894 3255 Assyriis
920 3175 1093 3253 propediem
1120 3185 1284 3252 pararetur.

182 3278 235 3337 cfr.
254 3279 280 3356 ᾗ.
292 3284 319 3337 4.

232 3381 262 3457 8)
285 3379 341 3438 cui
364 3381 527 3440 sententiae
549 3380 754 3439 documentum
776 3380 920 3456 praebent
940 3377 1072 3438 Nahumi
1095 3379 1187 3439 verbu
1203 3379 1234 3452 I,
1254 3383 1285 3438 13

182 3480 332 3539 declarata
350 3489 401 3555 „et
426 3481 541 3542 uincula
567 3489 619 3540 tua
635 3485 812 3556 rumpsm;“
839 3500 916 3558 quse
938 3480 990 3539 ubi
1011 3488 1148 3540 accurate
1165 3499 1285 3556 compa-

181 3589 285 3641 rantur
302 3600 366 3640 cum
384 3583 441 3642 Ies.
454 3583 501 3656 X,
520 3588 563 3652 27,
587 3583 667 3640 baud
689 3582 814 3640 obscure
832 3583 870 3640 ud
886 3599 986 3657 regem
1004 3581 1135 3641 vinctum
1152 3588 1285 3656 captum·

182 3702 240 3760 que
257 3683 403 3758 respicere
418 3683 563 3742 videntur.
583 3683 635 3740 cfr.
654 3703 683 3758 p.
696 3685 739 3739 40.

234 3783 318 3857 Quae
332 3802 398 3841 cum
410 3783 453 3842 ita
467 3784 540 3856 sint,
554 3783 645 3842 totius
658 3781 727 3840 libri
740 3779 856 3839 ratione
867 3779 1002 3840 videmus
1016 3789 1160 3857 tempus
1173 3779 1282 3853 illud,

181 3903 256 3961 quo
275 3883 453 3944 Manasse
479 3885 634 3942 vinctus
652 3881 853 3958 Babylone
875 3881 1093 3954 tenebatur,
1120 3899 1180 3938 non
1205 3899 1284 3938 com·

181 3985 314 4044 mendari
331 3985 426 4044 solum
444 4005 545 4044 verum
563 3983 700 4061 flagitari.
728 3981 817 4056 Quod
834 3981 955 4058 insuper
972 3981 1112 4040 suadetur
1129 4000 1179 4055 eo,
1203 3981 1284 4058 quod

179 4086 255 4144 nulli
271 4093 390 4162 praeter
406 4087 552 4164 Assyrios
577 4092 844 4145 commemorantur
859 4084 977 4157 hostes,
1005 4082 1063 4142 nisi
1086 4083 1165 4142 forte
1181 4083 1283 4160 Aegy·

180 4187 254 4264 ptii3
285 4207 345 4246 nou
376 4188 468 4247 multo
501 4195 571 4265 post
601 4186 678 4246 enim
701 4205 720 4243 a
744 4183 902 4243 Chaldaeis
924 4184 1013 4242 etism
1035 4183 1195 4243 timendum
1219 4188 1284 4240 erat

179 4288 306 4348 Iudaeis.

1063 4389 1081 4425 ll
