2954 4784
592 214 666 275 cir.
679 215 739 288 111,
758 235 786 275 v.
803 219 911 274 14-19.

712 471 740 508 v.
757 453 798 509 15.

263 602 311 660 Idi
328 601 472 660 meabit
488 611 514 659 te
530 604 619 675 ionic,
638 602 776 658 mundet
788 610 814 658 tc
825 602 950 675 gladius,
967 600 1110 658 ἀευοναῦἑι
1123 609 1149 658 tc
1161 603 1313 658 attinetur.

212 703 437 777 Iumoueccmdo
449 705 521 760 aicta
533 703 646 770 litator,
663 705 824 776 inyrcveccc
836 705 909 759 ucat
919 703 1045 758 leuata!
1069 700 1219 760 Ironicam
1235 720 1315 759 com-

211 801 403 879 pellationem
418 803 571 860 tremenda
587 801 699 877 excipit
717 800 859 862 severitas
876 809 905 860 et
922 801 1067 859 certitudo
1088 801 1314 874 internecionis3

213 921 302 980 quam
326 902 472 978 imprimis
494 903 589 961 innuit
613 921 640 959 v.
659 909 718 961 uui.
746 902 831 977 Quae
854 903 892 960 ab
915 902 981 961 intt.
1005 901 1155 978 plerisque
1172 902 1250 960 nude
1265 919 1314 960 ac·

212 1011 299 1080 cepta
315 1003 435 1061 deloco
455 1011 514 1062 este
532 1003 562 1060 in
579 1001 653 1077 ipsis
671 1002 883 1061 munitionibus
899 1001 977 1074 tuis,
995 1002 1065 1058 dum
1082 1002 1238 1060 reficiendo
1256 1001 1315 1061 eris

213 1111 390 1179 occupatus,
407 1103 520 1176 Mrem,
537 1103 684 1161 Honnuu.
702 1103 769 1174 all.;
788 1103 878 1180 quid?
897 1102 978 1178 quod
994 1101 1103 1160 Hira:
1121 1103 1199 1178 apud
1212 1103 1315 1160 forna-

213 1204 308 1262 cemli
320 1203 372 1261 alii
383 1204 524 1278 temporis
535 1202 685 1261 notionem
697 1203 913 1278 praetulerunt:
929 1202 1020 1275 „dnm
1032 1201 1077 1260 ita
1089 1202 1147 1260 eris
1159 1202 1190 1259 in
1202 1207 1313 1278 opere“

211 1303 327 1376 Taum,
345 1302 472 1376 Genua,
490 1303 631 1375 Kanna,
649 1301 767 1374 Utens
785 1311 816 1361 at
832 1309 882 1363 niu
900 1320 1045 1378 nusquam
1058 1301 1171 1361 indicat
1186 1310 1314 1378 tempus,

210 1411 242 1462 et
265 1404 345 1471 subit
366 1403 486 1476 mirari,
512 1403 592 1481 quod
610 1399 727 1460 Gusnrv.
745 1401 785 1460 H.
803 1403 852 1461 W.
876 1402 1043 1461 laudaverit
1064 1402 1130 1461 lud.-
1145 1402 1184 1475 V,
1204 1407 1235 1475 13
1260 1403 1313 1461 Pe.

212 1503 298 1577 XIV,
316 1507 343 1562 5.
362 1503 543 1563 CXXXVII
549 1547 557 1574 ,
577 1507 619 1575 17,
636 1502 688 1560 ubi
704 1503 778 1560 nihil
796 1503 904 1562 clarius
922 1522 1011 1580 quam
1028 1502 1086 1562 loci
1100 1503 1241 1578 cogitatio
1259 1511 1315 1561 est.

211 1603 354 1662 Idoneum
377 1603 500 1662 voculae
522 1621 639 1662 sensum
662 1621 717 1662 scu
740 1603 838 1681 tetigit
860 1600 1016 1663 Cnnvxnus
1038 1603 1077 1662 ad
1101 1603 1154 1662 Ps.
1171 1603 1258 1676 XIV,
1281 1605 1314 1660 52

215 1703 413 1780 „exprimitur
429 1722 558 1780 poenae,
577 1721 666 1780 quam
683 1704 781 1762 daturi
798 1704 872 1777 sint,
890 1703 1093 1776 certitudo,
1120 1721 1161 1761 ac
1184 1701 1214 1762 si
1237 1721 1315 1762 eam

213 1803 336 1880 digito
362 1811 597 1862 monstraret
605 1807 642 1874 ;“
660 1803 738 1862 unde
754 1823 813 1862 non
830 1805 917 1880 longe
941 1803 1037 1862 abfuit
1053 1802 1223 1876 (locumve,
1248 1821 1316 1862 cum

213 1902 379 1962 exhiberet:
398 1902 609 1977 „nihilominus
625 1908 797 1962 tamen.“-
810 1904 893 1982 Ignis
911 1903 997 1963 sicuti
1007 1923 1043 1963 v.
1055 1907 1087 1961 13
1104 1904 1153 1962 all.
1171 1903 1316 1962 devorare

213 2002 320 2062 dicitur
338 2004 376 2062 ob
395 2004 590 2076 celeritatem,
617 2003 794 2080 quaomnia
814 2023 906 2082 usque
929 2023 1062 2081 quaque,
1086 2022 1146 2080 quo
1168 2012 1315 2079 penetrat,

213 2103 369 2164 consumit.
395 2103 469 2182 Igne
485 2105 664 2163 devorantur
686 2104 836 2178 aedificia,
860 2104 975 2162 incolae
1000 2104 1099 2180 gladio
1125 2113 1284 2163 enecantur
1296 2104 1315 2163 ¹.

213 2202 288 2264 Oum
306 2204 504 2263 effoderentur
518 2204 642 2281 pellatia
651 2203 740 2276 Nini,
759 2223 819 2262 non
836 2205 931 2264 solum
946 2204 1099 2263 innumera
1111 2203 1209 2282 ignis²
1225 2205 1316 2264 vesti-

212 2304 263 2382 gia
278 2305 310 2362 in
327 2305 436 2364 tabulis
454 2304 577 2381 sculptis
593 2313 711 2380 reperta
728 2313 811 2378 sunt,
836 2323 897 2362 non
920 2312 1063 2363 tectorum
1087 2305 1184 2364 solum
1201 2305 1315 2382 ligneo-

211 2423 277 2464 rum
299 2404 367 2482 (cfr'.
390 2405 482 2480 Zeplr.
506 2404 638 2482 II,14),
668 2423 745 2482 quae
780 2405 875 2481 magis
905 2405 1038 2464 minusve
1063 2413 1192 2464 cremata
1215 2406 1314 2464 conci·

211 2504 332 2577 derunt,
350 2503 552 2580 fragtnenta³,
578 2513 607 2563 et
624 2505 810 2563 metallorum
831 2505 943 2582 ingenti
963 2505 1071 2564 ardore
1086 2505 1315 2582 liquefactorum

211 2604 353 2664 colluvies
362 2603 384 2677 ⁴,
402 2624 503 2663 verum
521 2605 611 2664 etiam
628 2604 749 2681 sanguis
767 2606 963 2665 marmoribus
981 2605 1160 2682 adspersus⁵
1183 2614 1315 2665 abocem

210 2703 298 2762 huius
320 2703 453 2763 vaticinii
479 2713 615 2764 eventum
637 2705 857 2765 confirmavere.
889 2705 1019 2764 Additur
1042 2706 1129 2765 tertio
1152 2705 1220 2765 loco
1244 2725 1314 2765 con-

211 2803 368 2864 sumtionis
379 2805 567 2880 magnitudo:
585 2805 729 2862 decredit
738 2815 765 2862 te
776 2815 809 2862 ut
820 2805 957 2864 licctor⁶2
985 2804 1154 2866 Subiectum
1168 2806 1314 2866 enuntiati

210 2923 270 2963 non
288 2905 413 2964 alterum
430 2914 478 2964 est
492 2924 530 2963 ex
542 2905 797 2978 antecedentibus,
813 2906 892 2983 ignis
905 2905 953 2964 vel
966 2905 1112 2982 gladium,
1131 2907 1183 2966 sed
1203 2915 1315 2965 utrum·

211 3013 349 3084 querna
376 3005 619 3082 comprehensum
643 3005 837 3082 cogitatione3
862 3005 1045 3066 Lernaeus:
1070 3024 1124 3080 „es
1148 3007 1225 3066 vvird
1248 3007 1315 3066 dich

262 3313 288 3375 1)
307 3314 380 3376 ,The
397 3315 529 3366 condition
546 3315 576 3366 of
589 3315 633 3366 the
649 3317 721 3366 ruins
737 3317 761 3366 is
777 3315 866 3381 highly
883 3316 1074 3368 corroborative
1096 3317 1127 3368 oi
1146 3317 1191 3368 the
1214 3317 1313 3368 sudden

210 3398 367 3450 destruction
385 3400 441 3448 thet
459 3414 530 3450 came
546 3412 618 3462 upon
634 3400 754 3452 Nineveh
772 3401 806 3465 by
819 3403 865 3452 lira
877 3402 929 3452 and
940 3401 1051 3454 sword.“
1070 3400 1133 3452 Bon.
1151 3403 1169 3452 l.
1181 3401 1198 3452 l.
1216 3417 1242 3467 p.
1253 3401 1312 3456 336.

259 3481 285 3544 2)
302 3483 356 3534 cn.
372 3483 471 3533 Boron
488 3499 512 3548 p.
524 3485 583 3534 213.

258 3567 285 3629 3)
303 3568 356 3619 Cir.
373 3567 553 3646 Bonomgibid.

258 3651 355 3722 4)·Ex.
372 3666 411 3716 gr.
429 3652 520 3702 solium
537 3653 649 3715 regium,
672 3666 686 3700 e
703 3653 814 3704 metallis
826 3661 852 3704 et
869 3655 946 3705 ebore
963 3656 1072 3717 factum,
1094 3653 1204 3704 flammis
1227 3659 1311 3703 aestu·

207 3723 256 3801 qua
273 3752 307 3787 ex
323 3745 397 3802 parte
412 3737 577 3802 liquefactum
594 3736 688 3800 reperit
696 3736 832 3788 Larianus
848 3739 877 3788 in
894 3739 1143 3791 colleNimrudeusi.
1165 3738 1210 3789 clr.
1227 3736 1310 3788 Athe·

207 3835 301 3872 nasum
317 3821 399 3870 Loud.
416 3819 572 3881 Mncocn,
588 3819 623 3868 X.
643 3818 750 3870 calend.
768 3821 853 3886 April.

257 3903 283 3965 5)
301 3905 354 3955 Ofr.
372 3905 452 3954 Knno
470 3903 601 3967 scripture
616 3902 704 3952 Lands
721 3918 746 3967 p.
759 3904 800 3956 50.

257 3986 284 4048 6)
300 3987 416 4038 Verbum
433 3988 482 4038 hoc
499 4001 552 4036 non
569 3986 632 4036 satis
649 3986 751 4049 quidem
769 3989 890 4052 latinum,
914 3989 983 4054 quod
1005 3990 1033 4040 in
1051 3989 1136 4042 Gloss.
1154 3991 1255 4042 Philox.
1273 3989 1309 4039 le·

205 4071 273 4136 gitur
289 4071 345 4134 (cfr.
363 4071 512 4122 Foausunuu
528 4071 592 4120 thes.
611 4085 634 4120 a.
653 4071 698 4134 a),
722 4072 756 4122 ad
772 4089 797 4124 v.
814 4074 919 4124 hebraei
935 4079 1088 4139 potestatem
1103 4075 1246 4125 accuratius
1263 4087 1309 4122 ex·

204 4155 365 4218 primendam
386 4162 526 4220 praeeunte
547 4155 676 4208 murino
700 4157 728 4208 in
752 4165 867 4210 nostrum
891 4158 1032 4210 transferre
1056 4173 1129 4209 usum
1153 4171 1206 4208 non
1234 4155 1308 4207 dubi-

204 4237 321 4286 terimus.
