2954 4784
185 147 231 216 68
591 149 663 212 Onu
678 151 722 224 11,
740 165 769 209 r.
785 155 881 210 6-11.
960 110 963 124 .

185 338 241 397 erit
257 346 341 396 retus
357 333 431 392 illud
449 333 523 394 artis
540 335 773 394 hermeneutieas
795 342 1003 411 praeceptum,
1028 335 1110 411 quod
1131 336 1285 411 proprium

185 457 304 498 sensum
325 455 360 494 ao
381 435 525 494 literalem
548 443 628 494 arcte
650 437 808 494 tenendum
835 435 921 494 docet
945 454 1040 511 neque
1061 435 1285 512 relinquendum

185 559 264 612 esse,
289 537 346 596 uisi
370 536 545 596 necessitate
564 544 693 612 urgente.
730 536 860 594 Gravius
878 536 955 593 enim
974 555 1062 611 quam
1080 536 1155 602 alias
1172 535 1285 594 dissen-

184 641 261 698 tiunt
277 639 461 713 interpretes,
479 636 575 712 prima
598 635 786 712 potissimum
810 637 901 694 verba
923 645 1020 694 utrum
1043 636 1167 712 proprio
1197 655 1284 696 sensu

185 739 357 816 accipienda
373 757 412 795 an
430 736 575 796 translato
593 737 748 795 videantur
754 758 762 808 ;
786 756 855 795 uam
879 737 915 795 de
937 736 1031 794 altero
1049 737 1182 795 membro
1201 737 1285 796 dubi·

185 841 243 900 tari
260 839 311 898 diu
328 857 386 896 non
403 855 508 913 posse,
526 845 632 913 postea
648 837 814 914 apparebit.
833 838 933 914 Atque
951 855 1053 896 omnes
1065 837 1197 914 quidem,
1209 856 1286 913 quae

184 939 387 1012 inveniuntur,
411 937 625 1013 interpretandi
646 938 777 998 rationes
804 946 863 996 tres
887 938 918 996 in
941 945 1041 1012 partes
1074 936 1284 1010 describimus3

185 1045 311 1120 quarum
327 1058 399 1116 pars
415 1038 512 1114 prima
528 1033 574 1096 e'st
590 1057 709 1111 eorum,
735 1037 786 1114 qui
812 1046 967 1114 utramque
984 1055 1102 1109 vocem,
1128 1045 1231 1113 portas
1255 1046 1285 1094 et

185 1142 307 1212 fluvios,
324 1138 445 1216 proprie
461 1136 645 1214 iutelliguut3
663 1138 791 1197 secunda
803 1146 848 1198 est
860 1145 973 1210 autem,
993 1155 1069 1215 quae
1082 1138 1206 1197 alteram
1219 1145 1284 1196 tan·

185 1240 337 1301 tummodo
361 1238 484 1315 proprio
509 1257 598 1298 sensu
622 1239 746 1312 dietam,
775 1239 898 1298 alteram
923 1257 977 1314 per
1001 1238 1160 1314 imaginem
1183 1238 1285 1309 doeet;

185 1342 274 1401 tertio
291 1340 357 1400 loeo
375 1358 427 1398 eos
444 1339 647 1412 nominamus,
668 1339 718 1417 qui
736 1358 922 1415 peromnem
939 1338 1170 1397 enuntiationem
1187 1346 1285 1397 traus-

184 1443 277 1503 latum
294 1441 393 1501 valere
410 1458 528 1499 sensum
545 1448 724 1500 asseverant.

237 1543 262 1602 Ι.
287 1544 334 1601 Ae
358 1541 486 1618 primum
507 1540 642 1616 quidem,
668 1540 694 1600 si
722 1539 846 1616 proprie
869 1540 1053 1616 accipiuntur
1081 1540 1172 1598 verba
1204 1553 1286 1601 *urm

186 1659 318 1720 ninum,
337 1649 464 1718 possunt
482 1640 510 1717 l)
527 1649 661 1716 portae
677 1659 757 1714 esse,
772 1659 835 1716 per
848 1659 942 1717 quas
955 1639 1219 1712 meantfluvii,
1233 1658 1285 1698 seu

186 1740 293 1819 quibus
310 1741 511 1813 eontinentur,
528 1741 549 1798 i.
563 1761 588 1799 e.
606 1740 803 1800 emissaria
820 1760 896 1817 quae
913 1741 1020 1799 nimias
1033 1759 1128 1817 aquas
1153 1741 1191 1798 ab
1212 1741 1286 1799 urbe

185 1850 303 1914 arcent,
334 1839 378 1899 uti
407 1841 519 1916 placuit
545 1841 683 1913 Burrum,
709 1841 871 1913 Varinio,
902 1840 1108 1913 Raraunum,
1138 1841 1286 1899 Hrrzrum

185 1940 269 2017 (edit.
288 1941 328 2020 I.)
346 1939 425 2014 „Die
442 1941 650 2000 Wasserthore
668 1941 734 1999 siud
752 1939 926 2000 Sohleussen
1015 1942 1037 2001 '2
1066 1939 1133 2000 sind
1151 1940 1198 1999 die
1215 1960 1287 1999 vom

185 2042 286 2120 Tigris
306 2042 512 2118 ausgeheudeu
534 2041 774 2101 oonoeutrisehen
798 2040 926 2114 Canale,
951 2041 1043 2100 durch
1065 2021 1186 2100 welche*
1201 2041 1284 2100 nieht

184 2143 232 2202 die
248 2161 341 2220 ganne
357 2141 459 2215 Stadt,
482 2142 562 2201 wohl
579 2144 665 2214 aber,
690 2142 747 2200 wie
764 2161 869 2200 unsere
886 2140 977 2201 Stella
993 2141 1085 2217 zeigt‚
1109 2142 1162 2200 der
1178 2142 1284 2202 Palast

184 2251 271 2302 unter
287 2243 410 2302 Wasser
426 2251 539 2319 gesetzt
554 2243 673 2302 werden
689 2243 803 2324 konute
821 2285 829 2300 .
844 2285 852 2300 .
867 2285 896 2302 ..
920 2243 982 2300 Der
1000 2241 1217 2318 Kduigspalast
1233 2243 1284 2318 lag

184 2336 427 2402 wahrsoheinlieh
453 2363 501 2402 am
517 2343 618 2420 Tigris
641 2343 738 2402 selber
762 2343 808 2401 als
825 2342 1044 2415 Wasserstadt‚
1072 2343 1135 2400 eine
1151 2343 1284 2418 Festuug

184 2445 233 2501 fir
255 2443 318 2502 sich
333 2443 467 2516 bildend‚
496 2443 549 2502 auf
571 2444 682 2502 welche
709 2444 761 2501 der
783 2441 878 2500 Feiud
906 2443 970 2502 sein
998 2443 1283 2519 hauptsdehliehstes

184 2543 374 2620 Augeumerh
397 2543 551 2602 riohtete.“
586 2543 671 2618 Quae
694 2543 839 2602 sententia
861 2562 896 2601 eo
915 2563 933 2602 a
950 2543 1072 2621 reliquis
1095 2543 1287 2620 distinguitur

185 2644 335 2716 omuibus,
362 2643 442 2720 quod
466 2652 569 2719 portas
592 2645 630 2703 ad
648 2664 731 2704 suam
750 2642 947 2702 defensionem
966 2644 1130 2720 augendam
1154 2645 1192 2702 ab
1209 2643 1285 2720 ipsis

184 2743 320 2820 Assyriis
331 2754 449 2819 apertas
463 2762 527 2804 esse
541 2743 634 2804 dotet.
652 2744 763 2803 Verum
780 2745 806 2802 si
823 2743 862 2802 ad
879 2746 1018 2804 obsessos
1035 2763 1097 2803 vox
1113 2745 1286 2820 pertineret,

184 2845 341 2904 seeundum
359 2844 528 2920 analogiam
545 2865 573 2904 v.
593 2834 632 2902 6²¹
649 2849 708 2921 3p.
722 2845 799 2921 plu'r.
817 2845 978 2921 legeretur,
996 2864 1092 2921 neque
1108 2863 1178 2902 vero
1196 2844 1284 2920 sing,

184 2945 228 3004 uti
246 2964 337 3021 supra
353 2927 495 3016 vidimus3
513 2945 618 3003 deinde
635 2946 729 3021 probe
745 2945 860 3004 monuit
874 2945 1014 3004 Tucmus
1030 2945 1051 3002 l.
1064 2944 1084 3002 l.
1103 2964 1133 3021 p.
1148 2950 1190 3017 66,
1210 2965 1288 3022 quae

185 3054 347 3124 sequantur
364 3065 412 3105 vv.
430 3049 456 3104 8.
475 3049 506 3117 9,
531 3065 566 3104 ea
588 3046 700 3104 laetum
717 3046 828 3123 aliquid
846 3047 883 3104 ab
901 3045 1038 3104 hostibus
1064 3064 1201 3122 arguere,
1227 3065 1287 3123 quo

184 3147 221 3204 de
244 3154 324 3205 sorte
346 3145 430 3204 urbis
455 3145 615 3204 decidatur.
650 3146 789 3218 Accedit,
818 3145 898 3224 quod
922 3146 1046 3204 alterum
1070 3165 1172 3205 versus
1197 3165 1287 3204 mem-

184 3247 269 3304 brum
286 3246 410 3322 proprio
428 3264 516 3304 sensu
542 3245 651 3303 dietum
679 3265 743 3305 esse
770 3245 889 3303 omnino
916 3246 1018 3323 nequit
1042 3247 1081 3304 ob
1100 3246 1286 3304 altitudinem

184 3345 377 3421 palatiorum,
395 3345 440 3403 uti
454 3345 534 3404 iufra
551 3346 729 3405 ostendetur.
748 3346 818 3422 Ipse
834 3355 932 3405 autem
951 3344 1116 3405 Hrrzrurus
1133 3347 1193 3405 alio
1212 3365 1285 3424 quo·

185 3447 252 3504 dam
287 3445 475 3522 potissimum
509 3454 681 3523 argumento
716 3465 736 3505 a
764 3446 888 3506 Tuonro
918 3448 1100 3523 exprobrato
1125 3456 1288 3506 commotus

185 3555 245 3620 est,
263 3555 297 3604 ut
313 3547 390 3605 hano
406 3545 584 3624 relinqueret
600 3547 789 3620 sententiam,
811 3547 858 3605 eui
876 3547 1021 3606 assentire
1037 3546 1196 3606 noluerim:
1216 3566 1287 3620 „so-

184 3647 245 3705 lum
261 3647 330 3706 iude
348 3667 367 3706 a
378 3647 502 3722 Tigride
519 3656 580 3706 tarn
597 3649 657 3707 alte
674 3648 824 3724 exsurgit,
842 3656 876 3706 ut
892 3647 1010 3706 canales
1028 3668 1066 3706 ex
1083 3668 1170 3706 amne
1184 3647 1287 3706 ductos

185 3749 306 3806 omnino
324 3768 384 3806 non
401 3749 542 3824 patiatur.
578 3749 752 3808 Altissimae
769 3747 847 3805 enim
860 3729 1001 3824 Tigridis'
1009 3768 1105 3827 aquae
1123 3767 1181 3806 nou
1200 3747 1288 3806 attin·

185 3858 259 3924 gunt
276 3848 350 3908 Nini
367 3867 467 3907 aream
484 3849 558 3924 (rid.
578 3849 669 3908 Rrorr.
688 3848 849 3907 Narrative
865 3849 912 3922 H,
930 3869 959 3925 p.
973 3837 1037 3928 35),
1056 3868 1145 3926 quam
1168 3850 1289 3924 iusuper

183 3950 215 4005 in
230 3948 372 4008 orientem
386 3961 414 4007 et
426 3950 546 4008 boream
560 3969 663 4008 versus
676 3949 769 4008 multo
781 3948 933 4007 editiorem
945 3950 1009 4008 fieri
1024 3969 1114 4024 supra
1128 3949 1288 4008 vidimus.“

184 4048 311 4121 Verum,
330 4049 433 4127 quidni
451 4069 489 4107 ex
502 4069 588 4108 amne
600 4050 722 4108 Khosar
732 4058 892 4127 potueruut
905 4050 1049 4122 derivari,
1069 4051 1119 4128 qui
1139 4051 1177 4108 ab
1192 4050 1289 4108 orien-

184 4150 237 4208 tali
255 4150 347 4208 latere
364 4139 401 4208 ad
420 4150 629 4210 occidentalem
647 4152 743 4210 media
761 4151 877 4229 perfluit
894 4151 975 4211 urbis
1000 4149 1073 4211 Nini
1096 4151 1288 4222 munimenta,
