2954 4808
648 217 763 292 Oual,
782 235 810 278 v.
821 221 848 277 8.
1252 216 1299 285 25

193 405 283 466 solite
298 404 362 464 eius
378 401 630 462 demonstratione
645 416 726 474 esse,
744 403 819 460 bene
831 401 961 460 defendit
972 401 1136 464 Msnomus
1154 405 1298 466 adversus

191 506 339 565 Drusrun
356 503 407 581 qui
423 503 601 562 ludaeorum
618 502 799 579 praesidium
816 509 920 580 contra
938 499 1151 578 Sanheribum,
1170 513 1201 564 et
1216 504 1297 565 Coo·

192 621 305 678 snmus,
329 604 381 682 qui
398 622 454 679 pro
472 602 561 662 solita
577 603 694 662 ratione
714 615 769 662 s'ua
791 622 845 678 per
862 620 964 662 omnes
981 602 1073 664 hosce
1089 625 1194 666 versus
1212 605 1301 666 chri-

192 707 357 766 stianorum
374 703 570 764 salvationem
588 723 607 762 a
623 703 801 764 Iudaeorum
819 701 945 764 saevitia
961 703 1045 762 vidit.

708 975 736 1014 v.
755 959 780 1013 8.

242 1107 285 1166 Et
294 1107 475 1164 iuundatt'ouc
487 1114 647 1166 transeunte
659 1114 876 1166 consummatum
887 1107 984 1166 reddet
995 1107 1084 1166 mcum
1097 1109 1164 1177 eius,
1174 1124 1293 1183 escaque

191 1209 318 1265 inimicos
334 1215 517 1282 persequetur
539 1207 664 1264 tenebris.
699 1205 832 1282 Oopnlae
848 1225 967 1266 sensum
983 1227 1044 1266 non
1067 1207 1144 1274 male
1161 1207 1297 1267 reddide-

191 1315 261 1366 runt
277 1307 361 1380 Iun,
380 1307 541 1365 Tanunnn.
561 1307 715 1385 „itaque“‚
734 1326 800 1366 cum
817 1306 945 1366 hostium
964 1307 1123 1384 perniciem
1141 1308 1298 1368 confestim

192 1405 347 1466 eDomini
364 1406 457 1466 tutela
474 1407 615 1486 consequi
637 1389 790 1484 sigru'fioet.
825 1407 1014 1484 Praepositio
1039 1425 1059 1496 ³,
1081 1407 1228 1468 hocloco
1252 1408 1298 1466 in·

192 1515 386 1567 strumentum
408 1507 521 1566 indicat
532 1507 550 1566 ¹.
590 1523 663 1581 orout
681 1507 837 1568 inundatio
853 1507 918 1566 Iob.
933 1508 1121 1580 XXXVIII,
1140 1510 1190 1581 25,
1208 1507 1298 1568 sicuti

192 1608 369 1667 creberrima
391 1607 423 1666 in
444 1607 475 1664 ll.
494 1625 534 1667 ss.
559 1607 897 1669 similitudo-intercedit
920 1609 997 1668 inter
1019 1629 1164 1687 aquarum
1189 1608 1298 1668 molem

192 1716 222 1768 et
237 1708 386 1767 miseriam
398 1708 450 1766 Ps.
466 1705 602 1781 CXXX,
623 1714 651 1780 13
669 1707 775 1780 XLII,
793 1711 827 1780 8,
843 1715 977 1784 respecto
994 1709 1168 1787 plerumque
1185 1709 1297 1768 diluvio

192 1808 244 1868 Ps.
257 1808 385 1880 XXXI3
408 1807 488 1866 Dan.
502 1807 564 1882 XI,
582 1813 631 1880 223
655 1809 713 1868 Ies.
726 1807 807 1880 LIV,
826 1812 865 1880 9,
883 1809 909 1868 si
927 1809 1104 1870 transfertur
1121 1810 1159 1870 ad
1176 1809 1297 1870 oalsmi-

192 1915 285 1967 tatem
296 1907 395 1968 omnia
405 1907 601 1968 destruentem
615 1917 645 1967 et
657 1909 827 1984 perdentem
837 1908 889 1968 Ps.
895 1909 1032 1983 XXXII,
1045 1914 1079 1983 63
1095 1911 1153 1970 Ies.
1164 1909 1296 1984 XLVII,

191 2013 224 2080 2;
247 2009 326 2067 Dan.
339 2009 401 2081 IX,
420 2013 462 2067 26.
476 2012 529 2079 ,403
551 2009 621 2068 inde
638 2009 677 2066 ad
694 2027 830 2068 caussam
847 2009 963 2082 iudicii,
988 2009 1035 2067 dei
1058 2011 1134 2070 irem
1150 2010 1297 2069 Proverb.

192 2108 330 2180 XXVII,
355 2113 388 2181 43
420 2115 482 2166 tum
505 2127 576 2168 vero
601 2109 737 2185 ingentes
763 2127 883 2187 quoque
905 2109 1053 2168 exercitus
1078 2118 1188 2169 terram
1210 2109 1300 2168 iuun-

191 2209 296 2270 dantes
313 2208 405 2268 refert
415 2208 495 2268 Dan.
504 2209 560 2282 XI,
581 2213 622 2268 12.
640 2212 682 2266 26.
700 2213 750 2280 403
769 2217 978 2284 comparantur
990 2209 1154 2286 Euphratis
1168 2209 1299 2268 inunda-

191 2309 266 2368 tioni
290 2308 487 2384 Assyriorum
514 2308 662 2370 exercitus
686 2309 744 2368 lea.
758 2308 833 2381 VII,
857 2313 907 2381 203
931 2309 1021 2382 VIII,
1041 2313 1071 2380 73
1100 2310 1157 2368 Ier.
1177 2308 1227 2382 H,
1254 2313 1296 2370 18.

191 2408 329 2470 Ceterum
346 2409 419 2468 hueo
436 2427 539 2470 versus
557 2411 649 2468 verba
665 2409 747 2468 oien't
764 2409 936 2469 memoriam
957 2409 1089 2487 aliquam
1105 2409 1167 2468 Ioci
1181 2409 1239 2470 Ies.
1253 2409 1297 2484 X,

190 2514 233 2568 22.
251 2513 299 2567 23:
326 2509 515 2582 „consumtio
533 2509 651 2570 decreta
668 2517 727 2582 est,
745 2509 869 2568 inundat
885 2509 1014 2582 iustitia,
1033 2527 1101 2570 nam
1119 2527 1226 2569 caussa
1243 2511 1318 2568 sb·'

191 2609 289 2668 soluta
318 2617 349 2668 'et
371 2608 470 2668 decisa
494 2614 570 2668 est.“
615 2609 773 2670 Inundatio
804 2609 973 2670 transIre
999 2609 1121 2684 dicitur,
1154 2609 1296 2686 quoniam

191 2728 305 2769 summo
330 2724 396 2770 cum
419 2708 532 2786 impetu
550 2709 692 2782 desumit,
715 2717 745 2768 et
769 2708 859 2770 obvie
883 2723 1017 2787 quaeque
1039 2710 1201 2786 prosternit
1218 2709 1298 2787 (VA-

191 2810 310 2887 πω),
336 2828 391 2868 uec
407 2809 455 2868 hic
471 2809 533 2870 illio
550 2810 664 2882 solum,
695 2809 748 2872 sed
770 2809 884 2884 passim
906 2817 1050 2886 vagatum
1074 2811 1165 2872 verba
1177 2825 1248 2874 ,mn
1265 2819 1300 2873 et

190 2917 264 2984 ursui
292 2927 460 2986 synonyma
485 2909 537 2968 cir.
555 2909 612 2969 Ies.
626 2909 716 2981 VIII,
740 2912 832 2980 2183
857 2909 909 2968 Ps.
922 2909 1026 2984 XLII,
1051 2910 1297 2981 83Dnn1rzscn.

190 3010 231 3070 ad
246 3009 326 3070 Hah.
339 3010 401 3082 III,
421 3013 461 3068 10.
496 3008 561 3068 Alii
577 3009 654 3066 male
671 3009 811 3067 reddunt:
829 3016 859 3067 et
876 3021 942 3068 oum
958 3009 1152 3070 inundatione
1168 3017 1298 3070 trans-

189 3110 289 3170 iensr
325 3107 775 3182 csuv.,.1›rD1uu‚Msuor.‚
801 3107 1218 3183 Hnssuneunor,·Honums.‚
1244 3110 1298 3188 qui

191 3229 326 3270 caussam
349 3208 438 3268 etiam
458 3209 588 3270 instituti
611 3209 709 3282 addit,
733 3209 813 3286 quod
834 3224 905 3282 unm
926 3197 1069 3282 „feminei
1091 3209 1208 3286 generis
1232 3229 1299 3272 esse

189 3288 313 3370 testetur
331 3321 450 3384 strupo,
467 3309 551 3372 locus
567 3309 612 3382 is,
632 3329 718 3388 quem
736 3329 832 3386 equae
848 3309 901 3368 illa
919 3309 1024 3368 effusio
1041 3310 1245 3385 pervaserit;“
1265 3320 1298 3371 at

190 3430 262 3470 vero
286 3411 383 3486 primo
407 3410 474 3468 loco
499 3409 639 3468 suffixum
661 3423 682 3467 m
707 3409 910 3470 inundationis
934 3410 1033 3468 Iocum'
1057 3419 1162 3470 notare
1184 3411 1297 3489 nequit,

190 3530 267 3588 quae
284 3519 394 3570 certam
411 3509 532 3570 omnino
554 3517 585 3568 et
607 3507 693 3586 quasi
720 3509 869 3568 definitam
892 3509 1037 3572 limitibus
1060 3511 1211 3586 regionem
1235 3531 1297 3570 non

188 3611 365 3684 habet,.scd'
380 3610 419 3669 ed
436 3609 549 3670 Ninum
567 3608 671 3676 referri
689 3608 795 3670 debere
808 3609 1023 3685 'probabimue;
1042 3618 1104 3670 tum
1122 3629 1193 3671 vero
1211 3610 1296 3668 Iemi-
1408 3664 1409 3668 ,

188 3711 291 3842 rpinum
314 3710 397 3769 verbi
419 3728 513 3786 genus
536 3709 619 3771 nullo
644 3709 863 3770 demonstratur
880 3709 1030 3786 exemplo.
1075 3707 1142 3786 Syr.
1162 3709 1297 3769 confudit

241 3987 266 4048 1)
286 3987 366 4050 ,dede
378 3986 559 4050 Nebensache,
577 3986 675 4037 welche
693 3986 734 4036 die
747 3985 887 4052 Handlung
898 3987 1034 4052 begleitet,
1051 3986 1104 4036 und
1119 3985 1193 4051 jedes
1205 3963 1296 4037 Werk·

188 4086 252 4135 zeug
268 4071 322 4120 und
331 4069 417 4120 Mittel
434 4071 505 4122 kann
523 4074 570 4122 mit
586 4073 605 4115 Ξ
624 4071 790 4136 hinrugeffigt
807 4072 912 4124 werden
926 4108 932 4121 .
946 4108 952 4121 .
966 4107 987 4134 .,
1005 4072 1093 4122 soiern
1109 4071 1186 4120 keine
1204 4069 1295 4120 selbst-

187 4155 321 4217 stindr'ge,
345 4154 456 4205 eundern
474 4154 516 4205 die
533 4155 593 4204 Han
611 4155 673 4220 lung
690 4153 851 4218 bcgleiteude
874 4156 927 4206 und
944 4155 985 4206 ihr
1003 4155 1129 4206 dlenende
1148 4151 1231 4206 Socha
1250 4169 1296 4220 ge·
1408 4227 1412 4234 ¹

187 4239 268 4289 munt
284 4239 342 4288 ruf
379 4239 432 4290 ou.
451 4239 507 4290 uw.
526 4237 637 4302 serus,
656 4241 680 4288 s.
