2954 4808
476 205 502 280 §-
520 207 547 262 5.
574 203 624 262 Dn
640 183 739 262 'nanus
757 205 967 264 Assraroauu.
1190 220 1276 263 xnvn

173 388 341 467 Aegyptios
372 396 442 447 tunc
472 389 550 448 bello
580 389 765 448 conflictasse
803 407 869 447 cum
899 389 1052 468 Assyriis,
1087 397 1277 448 monumenta

173 509 274 548 eorum
293 489 448 565 probanti

222 589 320 648 Medio
338 591 400 648 fere
418 609 441 649 s.
460 590 537 648 XIII
546 579 567 618 ¹⁰
585 607 632 649 res
650 590 844 666 Assyriorum
861 589 1032 650 immutatas
1050 609 1129 665 esse,
1153 610 1276 651 consen·

173 692 279 750 tientes
296 691 358 750 iere
372 689 503 750 veteruni
516 691 695 766 scriptorum
709 691 868 751 sententiae
880 692 987 749 docent
996 690 1015 750 ².
1042 693 1184 751 Traditur
1199 692 1276 750 enim

172 959 264 1001 notare
282 953 414 1015 regionem
432 953 596 1013 orientalem,
613 967 661 1002 nec
678 963 786 1012 usquam
802 965 872 1000 mere
890 951 1032 1014 significare
1050 960 1121 1015 ante,
1139 969 1215 1018 prae,
1232 955 1276 1006 cir.

174 1035 239 1087 Gen.
257 1035 305 1097 IV,
324 1036 364 1086 26.
385 1035 482 1086 lSam.
499 1035 582 1097 XIII,
600 1037 624 1086 5.
643 1035 689 1085 Ea.
707 1035 842 1096 XXXIX,
862 1036 901 1083 11.
919 1035 1006 1084 Possit
1023 1045 1107 1088 autem
1125 1039 1277 1102 significatio

172 1121 231 1182 illa,
249 1135 326 1184 quam
344 1120 446 1169 inerunt
464 1123 507 1184 qui
525 1126 667 1169 statuerent
683 1119 806 1182 (Kauana.
819 1121 872 1183 all.)
889 1121 994 1170 omnino
1013 1123 1150 1184 cogitando
1168 1125 1278 1186 admitti,

173 1219 231 1254 cum
247 1211 330 1272 nisio
354 1204 386 1253 de
410 1211 525 1268 tempore
549 1203 644 1254 dictum
667 1205 809 1268 reperiatur
831 1203 874 1253 Ps.
892 1205 988 1267 XLIV,
1007 1209 1022 1255 2
1041 1208 1086 1256 all.
1110 1209 1165 1270 (cir.
1183 1208 1278 1259 Gnsnr.

173 1290 238 1340 thes.
256 1304 280 1338 a.
298 1292 340 1353 v.),
358 1296 489 1357 emnerii
515 1287 617 1337 Habak.
641 1287 669 1349 I,
693 1288 709 1337 9
734 1294 821 1354 aperte
843 1290 929 1340 valeat
955 1290 987 1339 de
1010 1299 1084 1356 parte
1108 1293 1193 1342 antica
1222 1292 1277 1354 (cir.

174 1373 323 1424 Damasus.
336 1388 360 1422 a.
372 1375 397 1423 h.
410 1373 452 1435 Ι.);
471 1380 591 1435 atvero,
609 1373 630 1422 si
649 1372 835 1423 illoGeneseos
853 1374 910 1424 loco
930 1383 998 1425 esset
1015 1376 1164 1437 statuenda,
1185 1376 1229 1425 ubi
1246 1376 1279 1426 de

174 1459 225 1507 situ
247 1457 380 1507 fluminum
402 1457 561 1521 disputatur,
591 1459 653 1506 satis
675 1457 769 1506 validis
797 1462 953 1521 argumentis
979 1461 1084 1511 deberet
1110 1460 1279 1524 comprobari.

175 1543 230 1591 Iam
249 1557 310 1591 vero
328 1551 411 1598 iiiii&
430 1541 452 1603 l)
469 1542 653 1606 antiquissimis
671 1543 827 1606 temporibus
845 1545 961 1608 proprias
979 1545 1099 1610 indigitat
1115 1546 1279 1608 Assyriorum

176 1626 250 1676 sedes
267 1627 482 1690 transTigridem
500 1629 566 1677 circa
584 1634 720 1689 utrumque
729 1627 824 1690 Lycum
844 1631 907 1678 sitas
925 1630 961 1692 (id
978 1629 1047 1692 quod
1064 1628 1183 1693 probavit
1199 1628 1279 1676 Tuos.

174 1711 221 1761 l.l.
240 1709 333 1775 p.1u);
357 1713 383 1773 2)
405 1720 497 1776 postea
519 1712 634 1770 demum,
657 1710 718 1759 inde
744 1725 760 1759 a
782 1727 830 1761 sec.
848 1711 962 1775 VIIIv0,
984 1713 1090 1778 patebat
1110 1713 1200 1772 latius,
1223 1726 1279 1761 eum

174 1795 389 1860 Mesopotamiam
409 1799 487 1846 etiam
505 1804 531 1845 et
539 1795 712 1858 Babyloniam
723 1795 889 1859 Mediumque
907 1803 933 1846 et
949 1797 1114 1846 Elamitidem
1131 1797 1280 1860 complecta·

175 1887 257 1944 retur3
279 1895 330 1944 quo
353 1895 429 1930 seusu
451 1895 539 1930 vocem
563 1895 580 1929 a
602 1879 734 1944 prophetis
757 1882 874 1946 usurpari
900 1888 1012 1944 constat3
1037 1897 1084 1932 nec
1106 1883 1189 1931 minus
1212 1883 1280 1946 apud

175 1965 349 2016 Romanorum
369 1967 505 2030 scriptores
522 1964 616 2030 duplex
635 1965 684 2013 iste
702 1965 773 2014 verbi
790 1979 851 2014 usus
869 1966 995 2028 reperitur
1015 1966 1068 2030 (cfr.
1087 1967 1187 2015 Wmani
1204 1966 1280 2016 R.W.

176 2065 200 2100 a.
212 2053 252 2115 a).
288 2049 446 2098 Potestatem
463 2049 541 2112 igitur
559 2048 739 2112 optionemque
756 2049 830 2098 nobis
847 2049 942 2098 factam
967 2063 1022 2098 esse
1045 2049 1173 2110 videmus,
1196 2056 1280 2098 utrum

176 2135 342 2184 nihilominus
366 2135 410 2183 illo
433 2140 548 2197 tempore
572 2134 722 2196 ampliorem
745 2135 817 2182 illum
840 2147 942 2181 sensum
964 2134 1074 2183 valuisse
1098 2136 1280 2192 existimemus,

177 2222 221 2285 qui
237 2220 323 2270 multis
341 2219 443 2268 demum
461 2219 552 2267 seculis
569 2224 627 2281 post
645 2219 786 2280 invenitur,
810 2231 843 2266 an
860 2218 986 2265 sermonis
1007 2233 1055 2267 usn
1075 2225 1101 2267 et
1117 2220 1218 2268 tallone
1235 2233 1280 2268 nc·

178 2305 260 2368 glecta
271 2305 447 2354 difficultatem
466 2317 496 2352 eo
508 2301 631 2366 expedite
643 2303 775 2364 malimus,
794 2301 863 2364 quod
890 2294 919 2353 'a
937 2295 965 2368 ’ρ
1002 2309 1144 2355 vertamus:
1174 2309 1234 2352 ante
1261 2319 1281 2352 s.

178 2391 213 2440 cis
236 2390 379 2453 Assyriam.
413 2386 496 2436 Nobis
520 2387 629 2450 primum
652 2387 715 2436 illud
737 2387 867 2452 praeierre
890 2387 970 2436 satius
991 2387 1104 2451 videtur,
1131 2390 1282 2454 praesertim

177 2489 234 2524 cum
256 2480 360 2537 gentes,
384 2486 449 2535 quae
471 2470 528 2519 illas
551 2471 696 2520 incolebant
718 2474 849 2535 regiones,
872 2471 1029 2521 occidentem
1051 2488 1140 2524 versus
1162 2475 1282 2538 deinceps

178 2558 318 2608 tetendisse
341 2572 373 2606 ex
396 2557 454 2606 aliis
478 2569 579 2617 quoque
596 2556 720 2620 exempIIs
737 2558 859 2621 probetur
875 2557 929 2619 (cfr.
948 2556 1013 2608 Gen.
1031 2557 1115 2622 XIV).
1149 2561 1219 2624 Ergo
1236 2577 1282 2626 pu·

178 2643 284 2692 tandum
302 2643 364 2702 erit,
382 2640 505 2703 Assyrios
523 2640 608 2688 seculo
625 2640 680 2689 iere
696 2641 786 2690 xvmo
803 2642 1007 2704 Mesopotamiae
1024 2650 1124 2706 partem
1141 2646 1282 2694 maximam

179 2729 305 2787 tenuisse,
329 2726 367 2774 ita
390 2731 418 2773 ut
440 2723 576 2788 ampliores
595 2741 684 2777 eorum
700 2726 764 2775 fines
783 2727 818 2776 cis
837 2725 968 2788 Tigridem
988 2740 1064 2788 quam
1082 2729 1149 2778 ultra
1165 2731 1282 2778 extitisse

178 2813 313 2861 videantur
334 2810 388 2871 (cir.
406 2809 530 2859 Halosin.
548 2808 566 2858 1.
579 2810 596 2857 1.
613 2827 639 2874 p.
651 2811 719 2874 261).
756 2810 804 2859 Cui
827 2811 969 2860 sententiae
993 2814 1149 2862 contrarium
1172 2829 1228 2863 esse
1245 2821 1282 2863 te·

179 2911 248 2946 mere
271 2894 403 2944 contendit
418 2892 540 2942 Baianis.
557 2893 575 2941 l.
587 2893 603 2940 l.
622 2909 646 2957 p.
660 2894 706 2954 65,
730 2894 799 2966 quod
816 2892 934 2942 Berosus
958 2895 990 2943 ab
1013 2909 1081 2944 auno
1100 2899 1207 2948 1976-
1218 2900 1281 2947 1273

178 2981 233 3043 (cir.
251 2979 411 3031 Gorsoamnn
428 2976 543 3026 tabulam
561 2989 577 3024 a
592 2975 732 3026 Baianum
751 2978 890 3041 dessiptam
901 2979 918 3026 l.
932 2979 949 3026 l.
967 2995 993 3043 p.
1004 2978 1045 3040 17)
1063 2979 1197 3044 Babylone
1206 2982 1283 3031 Chal·

179 3065 303 3114 dacorum
325 3069 351 3112 et
374 3061 491 3112 Arabum
516 3075 589 3124 reges
612 3063 752 3127 imperasse
775 3061 853 3112 tradit
880 3062 934 3124 (cir.
958 3059 1051 3112 Eurus.
1075 3063 1161 3113 chron.
1186 3080 1281 3115 armam

179 3148 269 3214 p.40);
293 3148 367 3198 facile
385 3147 454 3196 enim
471 3145 617 3208 Babylonia
633 3148 665 3196 ab
683 3148 848 3211 Assyriorum
867 3146 1043 3196 dominatione
1064 3154 1166 3212 poterat
1182 3163 1282 3211 vacare,

181 3249 237 3284 cum
253 3231 442 3296 Mesopotamia
459 3236 527 3279 esset
545 3230 666 3281 subiecta.

232 3319 258 3380 l)
276 3317 329 3367 Cir.
352 3311 698 3366 S.Bmcn110bservations
721 3328 756 3364 on
779 3315 822 3364 the
847 3313 989 3367 Stetistical
1013 3317 1093 3368 tablet
1115 3318 1146 3366 oi
1166 3317 1282 3380 Kamai,

181 3402 364 3452 Transactions
383 3400 412 3450 of
428 3399 470 3448 tlre
487 3398 571 3462 Royal
588 3398 692 3462 Society
710 3399 740 3448 oi
754 3398 898 3450 Literature
916 3415 964 3450 ser.
975 3402 1018 3464 11,
1035 3403 1130 3466 pilss.
1147 3403 1207 3454 317.
1224 3403 1282 3453 345.

181 3487 226 3538 cfr.
243 3486 307 3536 Bor.
325 3487 343 3534 1.
355 3486 372 3537 l.
389 3502 414 3549 p.
424 3485 465 3535 62.
500 3483 651 3534 Notandum
673 3483 786 3532 maxime
809 3491 862 3545 est,
886 3484 955 3547 quod
977 3487 1108 3548 utriusque
1130 3487 1201 3548 regni
1219 3487 1283 3536 lines

181 3571 309 3636 lapidibus
332 3570 474 3632 consignati
497 3568 673 3618 describuntur
696 3568 770 3616 titulo
794 3569 905 3630 quodam
921 3568 1049 3618 Thothme
1065 3568 1135 3618 IIIi0
1152 3577 1298 3643 regnante,

181 3657 252 3704 cuius
268 3655 348 3704 verba
366 3654 403 3702 sic
419 3653 531 3702 reddidit
544 3651 662 3701 Bmomus
680 3648 807 3710 (efr.Bor.
826 3653 842 3700 1.
855 3653 873 3701 l.
892 3652 1009 3713 ibideml:
1029 3652 1153 3717 ,Nenjiu,
1170 3655 1198 3701 in
1215 3659 1283 3716 stop-

181 3741 244 3804 ping
260 3766 294 3776 -
311 3739 388 3789 when
406 3739 445 3788 his
464 3738 575 3802 Majesty
593 3749 663 3787 came
682 3735 713 3784 he
731 3741 771 3784 set
787 3750 820 3798 up
839 3735 877 3783 his
896 3735 976 3784 tablet
993 3742 1019 3784 to
1038 3736 1150 3798 enlarge.
1164 3735 1207 3784 the
1225 3752 1284 3786 con·

181 3824 246 3872 lines
263 3823 294 3873 oi
308 3822 377 3872 Kam
393 3822 531 3888 (Egypt).“
567 3821 668 3884 Assyrii
691 3826 824 3883 praeterea
842 3819 945 3868 nomine
963 3817 1053 3867 Schari
1070 3819 1097 3868 in
1114 3823 1285 3872 monumentis

182 3909 318 3972 Aegyptiis
341 3907 427 3958 afferri
449 3913 571 3971 putantur
592 3920 608 3955 a
631 3905 820 3955 Csamoamora
844 3908 870 3951 et
887 3904 1069 3963 warmaciae,
1091 3903 1136 3952 cir.
1159 3904 1284 3956 Hauesrs.

183 3993 249 4054 Aeg.
262 4009 286 4042 u.
299 3993 324 4041 d.
336 3992 385 4042 Bb.
398 3993 481 4042 Mosis
497 4007 523 4054 p.
536 3992 599 4051 2093
616 3989 737 4039 Bracaros
756 3994 841 4038 autem
857 3986 911 4048 (cir.
930 3986 992 4036 Lar.
1001 3984 1120 4036 Nineveh
1136 4004 1162 4052 p.
1175 3990 1226 4041 394
1241 3991 1284 4049 ss.)

183 4073 264 4138 Syros
281 4077 365 4140 potius
382 4091 414 4126 eo
431 4076 534 4124 nomine
546 4076 684 4137 significari
696 4074 833 4122 existimat.

236 4159 261 4221 2)
280 4160 333 4210 Cir.
351 4161 478 4210 Hurrsin.
496 4159 610 4208 exercitt.
622 4158 721 4208 Herod.
733 4157 759 4218 1,
771 4157 813 4208 45.
823 4157 865 4206 50.
881 4156 932 4218 III,
949 4155 991 4206 35.
1008 4153 1120 4206 Baianis
1138 4157 1155 4206 l.
1168 4157 1185 4207 l.
1205 4173 1230 4221 p.
1242 4156 1284 4206 56.

184 4244 315 4296 Duronum
333 4243 484 4295 Geschichte
502 4243 547 4294 des
566 4242 725 4294 Altertliums
742 4241 770 4302 I,
786 4257 811 4305 p.
824 4240 882 4292 353.
1006 4247 1011 4261 '
