2954 4808
524 288 551 364 ξ.
571 293 595 347 1.
622 287 672 346 Dn
689 303 808 348 nonnus
826 286 967 347 Nonum.
1261 307 1298 348 111

196 573 298 630 Zeiten
316 571 373 647 gab
392 590 424 629 es
446 570 477 627 in
499 569 593 629 Israel
616 571 747 629 zahllose
764 571 933 645 Perscnen,
959 571 1006 628 die
1028 571 1059 628 in
1081 572 1164 628 ihren
1181 570 1300 630 Numen

195 673 244 730 ffir
262 671 325 730 sich
342 670 436 729 selbst
452 670 512 727 und
529 670 594 728 ihre
610 671 854 746 Volksgenossen
876 671 940 728 eine
956 671 1218 730 immerwthrende
1235 691 1298 728 um·

196 770 424 830 herwandelndc
440 770 565 845 Predigt
580 789 682 828 waren
700 790 760 828 von
778 771 844 828 dem
860 771 1025 829 herrlichen
1039 771 1147 830 Wesen
1166 771 1226 828 und
1242 771 1299 829 den

197 889 322 948 grossen
339 870 456 928 Thatsn
470 870 649 943 Jehovah’s,
668 871 747 930 ihres
766 869 890 943 Gottes,
909 890 943 930 so
962 872 1019 928 wie
1036 871 1151 943 daron,
1170 870 1228 928 wie
1244 871 1299 930 das

197 971 279 1028 Herz
295 990 333 1027 zu
349 970 409 1027 ihm
428 970 530 1028 stehen
547 970 608 1028 und
626 989 689 1029 was
706 989 775 1028 man
793 990 852 1028 von
867 970 928 1030 ihm
946 972 1065 1029 erbcten
1078 971 1139 1028 und
1155 978 1299 1028 erwarten

198 1070 317 1130 sollte.“
337 1069 425 1142 Quod
442 1071 492 1128 ubi
511 1071 549 1128 ad
567 1079 702 1129 nostrum
719 1090 825 1128 nomen
844 1071 1030 1142 transfertur,
1047 1070 1116 1128 licet
1127 1070 1201 1129 satis
1214 1090 1300 1146 prae-

198 1171 308 1228 clarum
327 1170 469 1244 praebeat
486 1189 619 1242 sensum,
639 1171 741 1246 negari
759 1183 858 1228 tamen
875 1171 994 1247 nequit,
1022 1171 1059 1228 de
1075 1169 1112 1230 iis
1129 1169 1230 1245 potios
1246 1189 1300 1227 no-

198 1271 326 1328 minibus
352 1270 466 1341 vulere,
497 1287 574 1346 quoe
604 1289 667 1326 cum
693 1291 721 1329 v.
745 1286 779 1329 ut
813 1270 978 1346 composita
1000 1279 1083 1342 sunt,
1113 1277 1203 1347 atque
1224 1270 1299 1328 adeo

200 1370 299 1446 aptius
316 1369 450 1427 adhiberi
467 1369 497 1427 in
517 1369 693 1445 explicando
711 1391 739 1428 v.
764 1386 875 1442 muns,
901 1389 990 1446 qnam
1015 1369 1142 1446 simplici
1163 1391 1191 1427 v.
1218 1385 1300 1434 unns.

200 1470 316 1544 Quare,
334 1469 361 1528 si
374 1469 412 1528 ad
429 1469 556 1528 hominis
569 1470 670 1545 potius
684 1478 774 1547 atque
787 1470 863 1529 vatis
876 1471 1058 1528 referendum
1074 1475 1209 1527 naturam
1220 1468 1301 1528 vide-

199 1579 301 1628 tur-
319 1569 376 1628 nisi
393 1569 470 1626 forte
487 1589 594 1627 nomen
612 1589 704 1646 puero
722 1571 929 1647 aparentibus
954 1578 1063 1628 temere
1088 1587 1141 1626 nec
1158 1570 1219 1627 ulla
1237 1587 1302 1626 seu-

201 1689 251 1728 sus
269 1669 384 1726 ratione
400 1669 504 1726 habita
519 1669 692 1745 impositum
711 1689 776 1728 esse
792 1671 954 1746 putandum
978 1677 1037 1741 est,
1061 1688 1121 1746 quo
1145 1669 1176 1726 in
1198 1687 1304 1744 genere

201 1769 1304 1844 affirmarinihilpotest-existimabimusNahnmiforsanparenteslsrab·

202 1868 272 1927 litas
280 1867 300 1939 ²,
319 1888 384 1926 cum
401 1887 523 1944 regnum
540 1869 786 1945 Ephraimiticum
804 1870 944 1945 gravibus
961 1868 1059 1944 plagis
1076 1868 1115 1926 ad
1128 1867 1303 1926 internecio·

202 1987 379 2044 nemusque
401 1977 619 2042 concuteretur,
643 1970 804 2029 constituto
827 1969 951 2027 infantis
974 1987 1076 2026 recens
1100 1968 1163 2026 nati
1186 1968 1305 2026 nomine

202 2067 310 2127 similia
332 2087 519 2143 nuncupasse
541 2077 627 2142 vota,
659 2069 759 2145 qualia
781 2069 851 2128 fecit
872 2068 1015 2140 Lamech,
1039 2067 1112 2126 'cum
1134 2075 1305 2126 nasceretur

202 2166 325 2239 Noach,
349 2166 424 2226 Gen.
441 2167 479 2240 V,
498 2172 540 2225 29.
572 2168 729 2245 Utcunque
753 2177 812 2241 est,
836 2168 1024 2244 praesagium
1043 2167 1171 2226 nominis
1188 2166 1305 2242 egregie

203 2267 309 2326 evenit.
340 2266 479 2325 Nahnmo
503 2267 579 2326 enirn
603 2267 741 2343 contigit,
771 2278 805 2325 ut
826 2267 1023 2343 potentissimi
1052 2267 1147 2326 hostis
1171 2266 1305 2325 funditus

203 2367 353 2425 evertendi
376 2367 490 2442 species
514 2386 568 2442 per
590 2368 734 2426 visionem
758 2367 898 2426 divinitus
916 2368 1075 2426 excitatam
1094 2368 1120 2424 ei
1138 2366 1304 2438 offerretur,

204 2467 281 2524 unde
305 2485 420 2525 summo
444 2467 510 2542 ipse
531 2467 655 2525 affectus
680 2467 788 2526 solatio
810 2466 936 2526 Iudaeos
959 2468 1046 2526 simul
1070 2467 1210 2526 Manasse
1236 2483 1306 2542 rege

204 2585 258 2626 suo
282 2566 431 2640 privatos,
463 2566 621 2641 perniciem
645 2575 736 2643 atque
760 2567 882 2625 exitium
906 2567 943 2625 ab
968 2567 1104 2644 Assyriis
1132 2573 1305 2637 metuentes,

204 2666 424 2737 consolaretur3
450 2685 504 2723 nec
521 2685 572 2725 ecs
590 2667 702 2739 solum,
727 2687 829 2726 verum
848 2686 950 2726 omnes
974 2666 1094 2724 omnino
1112 2666 1196 2742 regni
1213 2664 1306 2723 divini

205 2766 299 2837 cives,
324 2765 375 2842 qui
398 2765 523 2825 seculari
540 2773 688 2842 potestate
709 2786 840 2844 unquam
857 2767 956 2825 forent
973 2766 1110 2842 oppressi
1133 2775 1223 2843 atque
1239 2784 1306 2841 pes·

205 2866 342 2925 sumdeti.
368 2867 415 2924 Ac
431 2865 500 2923 licet
517 2866 555 2923 ed
576 2866 726 2924 notionem
745 2867 873 2925 nominis
886 2868 963 2924 hunc
975 2867 1006 2924 in
1022 2867 1142 2924 modum
1155 2866 1307 2940 explican-

206 2966 291 3037 dam,
314 2965 366 3022 ubi
382 2965 499 3022 initium
516 2967 692 3040 praesertim
709 2966 779 3024 libri
796 2975 978 3042 spectamus,
1005 2965 1100 3041 magis
1117 2965 1224 3023 idonea
1242 2982 1307 3023 esse

205 3065 346 3141 cogitatio
364 3065 469 3124 ultoris
486 3065 636 3124 videntur:
662 3066 757 3124 altera
774 3074 873 3124 tamen
889 3067 942 3124 illa
960 3073 989 3124 et
1005 3065 1188 3141 praeclarior
1210 3073 1255 3123 est
1278 3072 1308 3122 et

206 3165 381 3224 cumulatior
388 3185 397 3236 ;
426 3165 575 3237 „hostium
599 3165 674 3222 enim
702 3165 846 3238 deletio,“
870 3174 905 3224 ut
926 3166 950 3224 I.
975 3165 1016 3225 H.
1042 3165 1218 3224 Mrounmns
1240 3172 1308 3222 utar

206 3265 319 3337 verbis,
338 3264 500 3337 „ecclesiae
517 3273 563 3322 est
579 3266 776 3324 consolati0.“

260 3523 284 3585 1)
302 3523 390 3574 Ucber
406 3523 495 3574 Micha
512 3524 563 3574 den
580 3523 752 3574 Morasthiten
770 3541 794 3590 p.
805 3527 845 3575 19.

259 3606 285 3666 2)
303 3607 355 3657 cfr.
374 3606 396 3670 ξ.
408 3611 431 3657 2.

260 3691 286 3752 3)
304 3691 357 3741 Cfr.
375 3691 486 3741 Cossini
502 3691 565 3740 ibid.
583 3698 636 3740 not.
656 3695 701 3741 20:
725 3689 812 3752 „Bald
833 3692 937 3740 fixirten
959 3692 1068 3742 fromme
1085 3693 1175 3742 Eltern
1198 3689 1310 3740 cebenn-

130 3765 133 3772 '
211 3776 395 3838 erfahmngen,
418 3773 460 3824 die
485 3777 522 3825 sie
540 3775 684 3839 uberhaupt
707 3775 770 3825 oder
792 3775 872 3837 grado
897 3775 961 3824 eben
983 3776 1101 3840 ganacht
1123 3777 1224 3836 hatten,
1248 3773 1312 3824 oder

208 3859 286 3910 ihnen
304 3859 424 3922 wichtigs
441 3859 612 3909 Wchrheiten
635 3859 677 3909 fur
700 3857 753 3910 sich
776 3859 829 3908 und
851 3858 907 3908 ihre
924 3858 1024 3908 Kinder
1045 3858 1123 3908 durch
1141 3859 1183 3908 die
1200 3857 1311 3919 Numen,

211 3943 252 3992 die
276 3944 313 3992 sie
336 3943 415 3992 ihnen
437 3945 534 4007 geben,
618 3943 678 3992 bald
701 3944 787 4006 legten
809 3944 846 3992 sie
864 3942 1008 4002 Wfinsche‚
1033 3943 1144 4004 Gebem,
1169 3942 1312 3993 Glaubens·

210 4026 369 4092 hoffnnngen
385 4029 429 4076 fur
445 4027 577 4078 dieselben
594 4029 623 4076 in
640 4027 721 4078 ihren
739 4027 841 4077 Numen
859 4025 955 4086 nieder,
974 4025 1015 4074 die
1035 4025 1081 4076 der
1098 4027 1166 4074 Hcrr
1183 4027 1222 4076 ot't
1239 4028 1311 4090 gitu-

210 4111 276 4160 zend
294 4111 394 4162 srfstllte
412 4111 465 4162 und
482 4111 597 4162 dadurch
614 4112 641 4160 in
659 4111 865 4196 Weissagupgen
882 4109 1069 4170 verwandclte,
1087 4109 1137 4159 ct.“

1085 4273 1118 4322 ¹*
