2954 4808
633 211 705 272 Cirr.
720 215 748 286 I,
768 233 794 272 v.
813 219 835 271 l.
1260 213 1281 282 3

180 417 252 458 non
271 417 335 458 esse
352 396 588 457 vaticinaturum.
616 401 768 458 Accedunt
784 397 841 458 Ics.
854 399 910 472 ΙΠ,
929 405 945 457 7
962 408 992 458 et
1008 399 1063 460 Iob
1075 401 1163 476 XXI,
1183 407 1215 461 12
1232 405 1284 464 ubi

180 500 354 560 manifestus
377 507 424 557 eet
440 497 664 558 vociferantium
683 510 712 560 et
727 499 913 558 iubilantium
937 500 1057 560 clamor.
1091 502 1131 562 11.
1154 503 1284 582 Pergen-

180 602 250 659 dum
268 601 370 660 estad
387 599 532 676 reliquum
550 589 683 660 locorum
702 619 812 678 genus,
831 601 939 678 quibus
957 611 1022 662 ow:
1037 621 1102 660 cum
1120 603 1187 664 aliis
1204 623 1284 664 com-

179 701 300 778 ponitur
317 700 494 760 nominibus.
531 699 598 774 Quo
615 701 645 759 in
665 721 771 780 genere
789 715 854 760 uror
878 704 906 780 1)
924 709 970 761 est
986 703 1105 777 tollere,
1122 705 1215 778 ferre,
1233 723 1283 764 eo-

181 821 238 879 que
256 821 345 862 sensu
363 801 395 880 a)
413 801 519 879 legitur
537 819 564 859 v.
583 821 608 861 c.
626 801 678 862 Ps.
691 803 761 875 XV,
779 806 810 860 32
830 821 906 873 „nac
923 799 1015 875 tollit,
1035 821 1059 862 s.
1076 803 1166 864 infert
1182 807 1283 864 convi-

179 903 255 960 cium
272 903 304 961 in
320 903 447 962 vicinum
465 907 583 974 suum,“
600 923 695 981 neque
706 921 776 962 vero
790 919 872 976 „non
884 902 1062 978 pronunciat
1077 905 1242 965 convicium
1250 911 1281 980 ;“

180 1004 232 1062 cfr.
250 1004 302 1063 Ps.
317 1001 502 1075 CXXXIX,
520 1005 536 1059 3
544 1023 552 1074 3
580 1003 679 1062 Exod.
692 1004 817 1075 XXIII,
837 1007 850 1059 l
872 1019 938 1069 rum
959 999 1033 1067 mur
1054 1020 1125 1067 awti
1147 1001 1203 1082 ἐὺς
1231 1026 1280 1067 ac·

180 1105 257 1163 cedit
280 1101 469 1163 celeberrima
491 1103 625 1180 decalogi
642 1121 703 1163 vox
719 1105 818 1162 Exod.
830 1101 910 1177 XX,
928 1109 958 1162 7:
984 1125 1043 1178 „ne
1058 1106 1155 1179 ieras,
1179 1103 1281 1186 portes

181 1195 288 1263 noman
305 1214 343 1264 ct.
361 1205 400 1263 ad
417 1204 640 1276 mendacium;“
665 1223 724 1264 nou
747 1221 838 1281 posse
859 1204 902 1262 sic
918 1205 1010 1264 verti:
1033 1225 1092 1279 „ue
1108 1209 1283 1283 pronunties

180 1324 289 1364 nomen
311 1314 348 1364 ct.
367 1307 405 1364 ad
428 1305 650 1380 mendacium,“
669 1303 827 1366 ostendunt
841 1305 934 1365 verba
949 1306 1001 1366 Ps.
1014 1303 1132 1381 XXIV,
1149 1314 1181 1366 4:
1208 1309 1282 1387 „qui

180 1425 240 1465 non
264 1407 323 1464 fert
351 1407 482 1464 animum
503 1423 587 1465 suum
611 1407 650 1464 ad
672 1407 822 1480 falsum,“
839 1405 891 1464 ubi
912 1408 1028 1466 absona
1050 1425 1174 1484 prorsus
1202 1419 1282 1469 esset

180 1504 391 1584 pronuntiandi
418 1515 579 1583 potestasa
600 1508 653 1566 cfr.
679 1507 835 1566 Huuasua.
865 1506 917 1566 Ps.
936 1506 967 1581 I,
991 1527 1021 1584 p.
1038 1511 1071 1566 82
1091 1527 1131 1568 ss.
1174 1507 1282 1588 Neque

180 1607 267 1667 aliter
283 1607 461 1684 explicanda
477 1627 539 1667 vox
556 1616 603 1668 est
618 1613 634 1666 2
648 1609 723 1686 Reg.
736 1609 798 1680 IX,
817 1610 850 1666 25
872 1619 1028 1668 automno
1056 1600 1124 1674 ulit
1144 1625 1208 1669 rum
1230 1611 1280 1676 'nt

181 1725 239 1770 nru
265 1717 316 1783 „et
332 1709 466 1782 sustulit,
490 1709 616 1784 ingessit
630 1707 779 1768 Dominus
800 1707 832 1766 in
849 1727 915 1766 eum
932 1707 989 1766 hcc
1006 1713 1114 1783 onus,“
1130 1727 1171 1770 sc.
1189 1729 1281 1788 grave

162 1811 255 1873 ‚illud
278 1819 369 1887 atque
391 1810 529 1869 acerbum
555 1809 592 1868 de
615 1817 710 1869 morte
735 1810 798 1868 eius
822 1809 971 1867 decretum
990 1810 1092 1888 IReg.
1111 1808 1207 1886 XXI,
1232 1817 1280 1886 193

182 1911 292 1984 XXII,
310 1914 353 1969 35.
381 1911 592 1969 Dumrzscmo
609 1919 723 1984 autem,
741 1910 793 1989 qui
808 1910 829 1968 1.
847 1909 868 1968 l.
885 1909 929 1968 sic
944 1909 1049 1969 vertit:
1072 1906 1283 1974 unddeho'vuh

181 2013 235 2070 hat
257 2012 332 2070 iiber
359 2009 411 2069 ihn
438 2011 537 2070 diesen
561 2011 736 2087 Ausspruch
764 2005 1002 2086 ausges'prochen
1016 2007 1040 2083 ¹,
1068 2011 1195 2089 intelligi
1223 2031 1282 2072 non

182 2121 300 2190 potest,
327 2111 504 2190 quibusnam
521 2129 560 2169 ex
583 2113 696 2172 caussis
714 2111 841 2188 simplex
857 2111 910 2168 illa
930 2117 1020 2187 atque
1042 2111 1171 2188 genuina
1192 2113 1281 2172 inter·

182 2213 309 2289 pretatio
326 2213 462 2272 videatur
486 2211 682 2271 intolerabilis
706 2231 786 2282 esse3
819 2211 853 2287 b)
870 2210 1014 2270 translate
1030 2211 1140 2270 dictum
1157 2213 1283 2272 habetur

182 2332 284 2390 preces
301 2313 405 2372 tollere
421 2313 478 2372 Ies.
490 2312 662 2386 XXXVII,
679 2318 712 2386 4,
738 2311 881 2370 addeum
903 2311 1040 2370 nimirum
1064 2311 1095 2371 in
1117 2314 1207 2374 coelis
1228 2315 1281 2373 ha·

183 2414 336 2474 bitantem.
371 2411 441 2488 Quo
457 2413 534 2472 adde
555 2415 586 2490 c)
602 2413 706 2472 tollere
729 2414 828 2471 fletum
846 2411 902 2471 Ier.
914 2413 978 2485 IX,
997 2417 1014 2470 9
1036 2413 1155 2474 brevius
1173 2416 1282 2488 dictum

181 2533 253 2592 pror
271 2515 375 2574 tollere
387 2533 490 2574 rocem
508 2521 538 2572 et
554 2515 633 2587 flere,
652 2515 704 2573 cfr.
724 2531 815 2591 supra
824 2512 848 2586 I,
862 2518 886 2587 l,
901 2531 926 2572 c.
952 2513 983 2590 2)
1000 2514 1107 2574 Restat
1120 2535 1156 2575 ea
1168 2515 1283 2575 dicendi

182 2617 275 2690 ratio,
305 2616 337 2674 in
362 2635 423 2693 qua
445 2630 509 2675 artur
533 2623 635 2692 aperte
655 2623 702 2676 est
724 2613 869 2689 incipere,
899 2622 1003 2674 nostro
1026 2623 1124 2674 autem
1148 2609 1284 2676 sermone

182 2717 294 2794 optime
311 2715 444 2775 redditur
456 2713 603 2774 anheben:
627 2710 696 2778 Suro
716 2730 782 2776 retur
799 2714 889 2774 Num.
902 2713 1022 2789 XXHI,
1036 2720 1068 2788 ⁷3
1085 2717 1140 2776 Iob
1149 2719 1282 2792 XXVII,

183 2824 214 2890 13
231 2817 358 2890 XXIX,
379 2822 408 2889 1;
425 2815 577 2890 MichaII,
594 2821 612 2873 4
629 2815 737 2892 quibus
752 2815 844 2888 locis,
863 2815 889 2876 si
906 2831 972 2876 uuus
990 2813 1069 2876 esset
1079 2819 1282 2892 pronuntiare,

182 2919 257 2979 satis
278 2917 483 2976 incommodus
506 2915 710 2976 admitteretur
725 2915 931 2990 pleonasmus:
955 2923 985 2973 et
1000 2918 1203 2992 pronuntiavit
1219 2937 1283 2978 oar·

183 3039 250 3078 men
272 3037 357 3078 suum
381 3027 448 3077 et..
462 3061 470 3076 .
484 3061 491 3076 .
508 3017 605 3095 inquit
611 3038 620 3089 3
644 3035 737 3094 quare
760 3017 835 3074 bene
857 3012 1085 3076 Dumzscmus
1101 3017 1180 3076 Hab.
1194 3017 1241 3092 H,
1268 3010 1285 3076 s

183 3119 286 3179 vertit:
309 3118 356 3178 ein
373 3118 446 3177 Lied
461 3117 646 3178 austimmen.

224 3220 323 3294 ‘Quod
347 3220 373 3279 ai
390 3220 512 3278 verbum
536 3233 602 3278 uuus
625 3235 772 3294 nusquam
795 3224 973 3292 potestatem
995 3214 1210 3294 pronunciandi
1233 3219 1288 3278 ad*

183 3321 300 3380 mittere
315 3321 458 3393 vidimus,
484 3317 595 3378 nomini
619 3335 738 3396 quoque
759 3319 828 3376 inda
845 3318 933 3376 ducto
956 3319 1016 3377 tale
1034 3319 1105 3397 quid
1121 3320 1218 3380 inesse
1234 3339 1285 3378 ne·

184 3419 263 3500 quit3
280 3422 357 3494 imo,
376 3421 403 3480 si
419 3439 508 3479 uuam
526 3419 659 3496 excipias
676 3417 790 3478 dicendi
806 3418 964 3478 formulam
981 3433 1044 3480 aaa:
1066 3435 1154 3494 suto,
1177 3421 1209 3478 in
1226 3425 1290 3500 qua'

182 3523 281 3582 locum
291 3521 431 3599 indigitat
441 3539 500 3599 quo
518 3519 632 3578 tollitur
643 3519 774 3593 animus,
788 3520 808 3578 i.
823 3539 847 3579 e.
863 3518 1039 3579 desiderium
1051 3520 1157 3579 Erech.
1167 3522 1285 3594 XXIV,

184 3627 228 3697 25,
243 3623 380 3682 omnibus
394 3622 514 3682 omnino
524 3621 615 3694 locis,
628 3615 787 3679 secuudum
800 3615 1024 3680 u's'itatIssimam
1034 3613 1139 3679 vocum
1152 3623 1287 3696 praefixo

185 3739 207 3783 o
228 3724 423 3782 formatarum
435 3722 579 3781 rationem
590 3719 614 3794 ²,
633 3728 686 3779 aut
701 3737 763 3778 rem
776 3728 936 3796 portatam,
953 3720 973 3778 i.
990 3739 1014 3778 a.
1029 3713 1119 3793 onus,
1127 3729 1179 3778 aut
1189 3721 1289 3797 ipsum

182 3824 323 3899 portandi
334 3831 432 3883 actum
445 3817 589 3900 designat.
611 3823 644 3898 a)
652 3815 835 3881 Postericris
848 3815 1006 3898 potestatis
1016 3814 1176 3880 dilucidum
1188 3839 1287 3881 exem-

237 4083 262 4146 1)
279 4085 443 4136 Kosarnnus:
473 4083 526 4133 und
542 4083 660 4136 Jehovah
677 4089 735 4148 trag
753 4098 800 4134 vor
817 4084 905 4135 diesen
923 4083 1032 4148 Vortrag
1049 4082 1112 4132 uibar
1128 4081 1181 4134 ihu.

236 4169 263 4232 2)
280 4168 332 4220 Gir.
349 4169 465 4220 Ewauuu
482 4165 604 4219 auafdhrl.
616 4165 750 4220 Lehrbuch
769 4167 847 4230 1844,
865 4165 879 4231 ξ
893 4169 954 4230 160,
972 4167 1002 4229 b,
1020 4167 1049 4230 3,
1065 4167 1136 4218 cuius
1153 4166 1290 4234 explicatio

185 4253 263 4316 longe
280 4251 449 4318 praeferenda
466 4252 568 4303 videtur
584 4253 710 4303 lnfiuitiro
728 4251 900 4304 chaldainuuti
917 4265 934 4302 a
952 4249 1063 4304 canuno
1083 4253 1221 4318 proposito.

1044 4337 1056 4384 l
1068 4335 1081 4364 U
