2954 4784
185 152 254 224 102
585 159 656 218 οη.
672 161 732 232 111,
752 164 889 218 nrt-m

181 347 218 404 ab
237 338 395 420 Aegyptiis
412 343 563 402 imminere
579 343 739 420 perniciem
757 345 937 419 opinaretur.
963 346 998 401 In
1016 365 1118 404 eorum
1136 347 1213 404 enim
1231 362 1284 405 ex-

181 444 378 522 spectatione,
397 463 487 520 peues
505 463 580 522 quos
598 463 713 504 summa
730 452 800 502 tnnc
816 453 886 520 post
896 446 1041 523 Assyrios
1057 447 1193 522 potentia
1209 455 1284 521 erat,

178 545 271 606 delixi
294 545 424 603 omnium
452 545 574 604 haerere
601 542 678 603 oculi
711 545 872 618 debebant,
905 565 971 604 cum
1000 547 1036 604 de
1068 548 1284 624 exstinguendo

180 647 375 724 Assyriorum
393 645 517 721 imperio
536 653 679 722 ageretur.
705 645 769 702 Illis
782 645 873 722 igitur
884 655 913 704 et
925 646 1000 722 ipsis
1013 666 1097 706 suam
1111 649 1283 723 propediem

180 747 300 807 fatalem
319 743 423 806 adesse
440 746 544 804 horam
563 745 759 824 significatum
783 745 825 804 ita
850 755 884 805 ut
907 747 963 805 hoc
986 747 1053 805 loco
1080 767 1133 824 per
1150 750 1284 824 negatio-

180 865 248 907 nem
265 847 483 926 quodammodo
500 845 537 904 de
552 846 755 907 instrumentis
772 846 872 905 iudicii
889 847 919 905 in
937 848 1082 925 Assyrios
1102 850 1283 926 exsequendi

180 948 378 1008 instituamur.
402 943 461 1004 Hic
476 956 581 1005 autem
608 965 716 1022 scopus
740 965 799 1005 uon
823 948 935 1023 primo,
966 949 1018 1006 sed
1041 949 1169 1008 secundo
1193 957 1284 1026 atque

181 1050 294 1108 minore
310 1048 376 1106 loeo
394 1047 546 1106 habendus
565 1055 618 1106 cst.

695 1323 722 1361 v.
741 1307 765 1361 8.

231 1453 378 1528 Numquid
394 1454 490 1511 melior
507 1469 535 1510 ea
552 1471 636 1528 quam
650 1453 847 1522 No-Ammon,
866 1471 937 1528 quae
951 1453 1062 1511 habitat
1072 1455 1103 1510 iu
1110 1453 1282 1528 fluminibus,

182 1571 273 1630 aquae
300 1556 376 1612 circu
398 1554 476 1612 aaut?
497 1547 586 1612 ‘cuiue
609 1557 807 1612 munimentum
830 1571 921 1624 mure,
946 1571 960 1611 e
982 1557 1057 1611 muri
1085 1573 1180 1612 murus
1205 1557 1284 1613 uus?

181 1674 298 1748 ramira-g
333 1654 449 1712 unicum
473 1653 526 1712 fut.
552 1669 625 1735 :urg
661 1673 716 1731 pro
741 1670 809 1734 amr}
851 1655 1035 1730 exemplum,
1066 1654 1108 1712 uti
1138 1656 1283 1730 reperitur

180 1747 287 1836 0*me
314 1753 401 1814 simul
423 1762 453 1812 et
474 1748 578 1835 nimbo
601 1749 837 1828 Ierem.'XLIV,
860 1759 908 1826 283
936 1756 988 1813 uz.
1012 1755 1071 1828 VI,
1095 1759 1119 1813 8.
1148 1751 1178 1817 Vt
1214 1770 1283 1814 :12³³

181 1835 342 1930 significat:
364 1855 438 1912 bene
455 1854 526 1912 mihi
545 1833 590 1914 est
607 1854 683 1914 Gen.
700 1856 778 1929 XII,
798 1860 838 1914 13.
857 1855 930 1929 XL,
949 1861 981 1914 14
998 1855 1067 1927 all.;
1086 1856 1152 1914 coll.
1172 1853 1280 1915 lSam.

180 1954 272 2028 XVI,
288 1959 328 2014 16.
341 1959 374 2012 23
391 1950 420 2019 *b
443 1971 517 2027 arm
536 1974 639 2015 sensus
657 1975 727 2033 ergo
747 1956 929 2034 quaestionis
947 1965 1006 2015 est:
1025 1975 1093 2014 num
1110 1957 1213 2014 melior
1229 1965 1282 2014 tua

76 2071 90 2086 “
181 2055 311 2114 conditio
329 2064 390 2129 est,
413 2057 433 2116 i.
451 2077 476 2116 e.
495 2077 563 2114 num
581 2056 780 2132 potentiores
798 2065 827 2115 et
843 2056 1035 2133 amplioribus
1054 2056 1141 2116 etiam
1158 2057 1281 2115 defensa

181 2156 367 2216 munimentis
384 2177 474 2234 quam
490 2156 698 2216 NoAmmoni
721 2156 839 2216 Natura
854 2157 931 2216 enim
944 2158 1077 2216 locorum
1089 2165 1134 2216 est
1145 2166 1174 2216 et
1187 2159 1281 2215 muni-

181 2265 346 2315 mentorum
362 2258 562 2332 praestantia,
582 2277 657 2334 quae
669 2258 700 2315 in
715 2259 966 2334 comparationem
980 2266 1117 2330 vocatur,
1136 2279 1190 2317 nec
1201 2277 1282 2316 mera

180 2357 352 2434 magnitudo
370 2357 544 2435 (Hmaon.).
570 2359 668 2416 Aliter
684 2359 841 2417 Ewsunus
858 2359 1070 2434 interpretatus
1088 2367 1149 2418 est:
1169 2353 1300 2432 „willst'

181 2458 221 2514 du
244 2457 291 2515 ein
315 2459 448 2518 besseres
466 2457 621 2519 Schicksal
637 2459 735 2517 haben
754 2464 836 2531 ct.;“
855 2459 1017 2518 Horren:
1044 2479 1132 2532 „eum
1149 2459 1280 2518 moribus

182 2575 242 2618 uon
259 2557 427 2632 meliores,
449 2560 569 2617 fortuna
588 2577 707 2636 quoqne
723 2559 845 2618 meliore
861 2579 920 2618 uon
943 2557 1033 2636 digna
1057 2564 1125 2632 es,“
1148 2569 1178 2619 et
1199 2561 1280 2638 inge-

181 2657 265 2717 niose
281 2657 398 2718 Ursum:
424 2637 528 2732 „Oder
553 2660 612 2718 bist
638 2659 677 2716 du
699 2661 822 2718 besseri
839 2695 875 2704 -
893 2647 973 2738 fragt
989 2659 1065 2720 Gott
1080 2660 1136 2718 den
1155 2659 1279 2732 Srinder,

181 2758 233 2816 der
254 2755 307 2817 mit
328 2759 389 2816 ihm
411 2761 529 2818 rechten
554 2760 632 2832 will,
656 2761 716 2825 und
740 2761 889 2820 schneidet
914 2763 969 2820 mit
992 2761 1087 2819 dieser
1104 2761 1202 2838 Frage
1223 2761 1281 2820 alle

180 2859 300 2918 Wurzel
316 2857 451 2919 weiterer
463 2860 675 2937 Verhapdlung
692 2862 752 2918 und
762 2861 1019 2940 Entschuldigung
1036 2858 1119 2934 ab;“
1137 2881 1156 2922 a
1173 2863 1280 2940 quibus

180 2959 366 3036 sequentium
389 2981 524 3021 versuum
548 2962 625 3020 ratio
643 2961 814 3038 negligitur,
840 2980 917 3038 quse
940 2963 977 3020 de
999 2981 1113 3020 morum
1136 2964 1280 3038 deprava·

180 3061 260 3119 tione
284 3062 357 3119 nihil
379 3063 503 3134 habeut,
528 3081 629 3120 verum
653 3063 689 3119 de
711 3061 845 3136 potentia
867 3070 896 3122 et
919 3063 1099 3122 firmitudine
1123 3073 1223 3140 agunt.
1242 3097 1278 3106 —-

179 3175 211 3235 pa
233 3161 484 3238 comparationem
500 3161 665 3222 institutam
682 3161 800 3221 indicat.
818 3197 854 3206 -
883 3178 952 3238 tros
979 3181 1014 3224 nt
1045 3164 1147 3222 Ierem.
1166 3163 1277 3237 XLVI,

179 3263 297 3333 2531tz.
315 3249 423 3333 XXX,
444 3267 476 3320 14
494 3282 533 3322 ss.
551 3264 628 3321 nude
658 3279 694 3322 rr)
726 3263 850 3336 dictum,
874 3252 994 3323 Thebas
1013 3264 1160 3341 signifieat
1177 3266 1278 3341 Aegy-

179 3362 312 3437 ptiacae,
331 3381 350 3419 a
366 3362 465 3421 LXX.
484 3385 510 3422 a.
529 3364 549 3421 l.
567 3365 671 3422 Ierem.
690 3354 889 3441 Διόσπολις,
908 3364 955 3422 hie
971 3383 1042 3423 vero
1072 3358 1168 3446 μέρις
1185 3352 1278 3441 Ἀμ-

178 3459 250 3538 pedu
281 3461 429 3536 redditas,
447 3465 546 3540 portio
557 3461 730 3537 Ammonis,
749 3464 795 3522 cui
813 3465 1033 3523 celeberrimum
1050 3467 1150 3524 fanum
1163 3466 1194 3524 in
1211 3465 1278 3541 ipsa

180 3565 252 3622 urbe
268 3571 349 3636 erat3
366 3563 434 3622 inde
446 3565 502 3622 Ier.
520 3563 624 3623 XLVI
640 3565 705 3640 ipse
721 3566 850 3622 Ammon
865 3561 999 3624 'Nobnsis
1017 3567 1138 3640 dicitur,
1157 3567 1278 3644 eiusque

179 3665 288 3724 cultum
306 3664 426 3741 respicit
442 3665 567 3736 Erech„
591 3685 656 3723 eum
673 3663 782 3737 XXX,
803 3669 834 3724 15
859 3666 1038 3726 enuntiaret:
1067 3676 1096 3725 et
1121 3667 1276 3744 exstinguo

178 3767 334 3826 tumultum
352 3785 368 3823 e
384 3764 451 3839 No,
480 3781 539 3826 retr)
563 3780 631 3841 prta
648 3781 715 3826 'nra
743 3764 924 3843 Significatio
943 3787 970 3825 v.
993 3783 1029 3827 rr)
1056 3769 1186 3826 nondum
1208 3789 1276 3826 euu-

178 3867 273 3925 cleata
289 3875 334 3926 est
340 3886 348 3938 ;
371 3866 503 3925 diversas
521 3887 567 3924 vv.
585 3866 632 3922 dd.
652 3865 805 3941 opiniones
823 3867 957 3926 exhibuit
975 3866 1092 3926 Gusun.
1111 3870 1185 3928 thes.
1204 3889 1230 3926 a.
1248 3889 1275 3927 v.

178 3966 296 4026 Nomen
309 3965 458 4026 aGraecis
468 3966 534 4024 urbi
547 3967 717 4042 impositum
745 3959 857 4049 Θηβαί
878 3989 912 4026 eo
927 3969 1110 4027 referendum
1123 3979 1177 4040 est,
1195 3970 1277 4046 'quod

178 4070 244 4143 Ap,
270 4067 395 4126 certic.
414 4067 481 4125 fem.
500 4067 583 4143 Tap,
607 4087 713 4126 nomen
736 4077 800 4126 erat
823 4067 1004 4128 celeberrimi
1027 4069 1177 4131 cuiusdam
1203 4072 1274 4128 Am-

178 4168 274 4225 monis
292 4167 406 4226 delubri
419 4169 514 4226 media
526 4168 557 4235 in
571 4171 642 4228 urbe
656 4169 800 4228 aedificati
808 4191 816 4242 ;
836 4171 915 4248 quod
928 4190 1048 4244 nomen,
1067 4171 1175 4247 plurali
1189 4191 1273 4248 prae-
