2954 4784
604 239 677 298 Car.
691 240 737 312 ΙΙ,
756 257 785 299 ν.
801 246 842 300 ll.
1236 239 1280 308 81

177 443 245 484 nem
269 423 391 482 Vinum.
409 421 534 482 Aeneld.
552 423 614 496 IX,
633 427 683 482 719
706 434 736 484 ει
758 424 896 502 exempla
920 427 1063 486 nonnulle
1086 446 1125 488 ex
1149 429 1284 490 Arabum

178 525 300 601 scriptis
317 524 442 583 collecte
458 543 477 584 a
493 523 717 584 Boerurcunno
735 527 846 584 chrom.
864 528 947 586 areb.
965 546 995 603 p.
1013 531 1045 600 3,
1064 527 1116 604 qui
1132 529 1284 606 ingeniose

179 626 217 684 de
233 627 289 684 hac
307 625 452 685 sententia
469 625 647 704 disputavit)
664 657 700 670 —-
718 633 750 685 at
767 645 857 704 quam
874 626 979 704 ingens
1002 639 1080 688 esset
1102 629 1283 705 hyperbole!

179 729 210 804 c)
228 726 355 802 denique
381 726 531 784 albescere
558 726 634 785 sicut
657 726 734 800 olla,
759 727 881 786 tolerari
903 723 998 804 magis
1022 737 1141 804 posset,
1166 731 1284 806 etipse

178 827 364 898 Lunenses,
396 827 447 904 qui
470 827 547 886 benc
570 827 744 886 senteutiam
766 827 903 886 versione
931 847 986 888 sua
1014 830 1178 906 expressit,
1209 833 1285 891 bene

179 935 265 985 notat
281 910 312 984 in
329 945 448 985 comm:
476 927 629 1000 „absurda
650 946 774 1003 prorsus
792 937 838 988 est
854 930 1043 1004 metaphora,
1067 949 1121 989 nec
1137 940 1211 1006 puto
1226 932 1285 990 hoc

180 1027 312 1087 voluisse
328 1028 549 1103 prophetaml“
573 1030 604 1106 2)
621 1027 685 1086 Alii
706 1028 875 1104 palloris
898 1029 1048 1088 notionem
1072 1031 1164 1090 verbo
1187 1032 1284 1092 inesse

181 1128 296 1187 docent.
323 1128 435 1186 Verum
452 1137 566 1205 quanto
588 1146 664 1204 opus
686 1129 743 1186 fuit
764 1128 869 1188 itinere
892 1138 922 1188 et
944 1129 1069 1189 circuitu
1094 1143 1128 1190 ut
1144 1129 1284 1192 Sounou-

180 1245 282 1286 nnnus
308 1227 370 1305 (ap.
395 1227 608 1306 Kreoneuium)
630 1229 670 1287 ad
691 1229 768 1288 hanc
796 1230 950 1305 perveniet
978 1239 1172 1307 potestatem,
1202 1233 1285 1292 cuius

180 1329 255 1387 nihil
272 1348 309 1386 ne
326 1329 415 1388 affine
431 1325 550 1404 quidem
566 1329 681 1408 aliquid
696 1331 728 1388 in
745 1330 883 1389 universa
898 1331 962 1390 rad.
981 1343 1041 1392 rut>
1058 1331 1169 1390 ditione
1182 1333 1285 1408 depre-

180 1429 339 1488 henditur?
364 1430 397 1507 3)
412 1429 541 1489 Felicius
554 1429 665 1504 Canu,
685 1431 790 1503 Hune,
804 1430 950 1490 Horreum
968 1431 1008 1490 ad
1025 1432 1149 1490 eundem
1167 1433 1284 1510 quidem

180 1537 381 1606 pervenerunt
394 1548 528 1604 sensum,
541 1549 606 1590 cum
619 1529 862 1608 significationem
875 1537 1039 1591 statuerent
1051 1532 1284 1608 splendoris,

181 1650 260 1708 quae
278 1649 333 1690 usu
350 1631 434 1690 verbi
450 1632 544 1707 probe
559 1639 660 1707 potest
675 1631 790 1705 fulciri,
817 1631 869 1690 cir.
890 1647 951 1691 uren
971 1631 1019 1691 Pi.
1038 1631 1143 1708 Hithp.
1168 1653 1284 1707 ornare,

182 1746 261 1822 unp,
287 1740 492 1790 ornamentum
508 1732 628 1808 capitis,
653 1737 752 1818 upote,
783 1747 868 1825 opas,
893 1732 1030 1804 frondes,
1057 1740 1178 1794 ornatus
1195 1735 1283 1794 arbo-

181 1851 265 1904 rum,
296 1847 397 1908 onnon
423 1833 529 1905 decus;
547 1833 652 1892 deinde
685 1847 764 1912 unp,
795 1833 874 1918 quod
891 1833 971 1908 apud
987 1833 1056 1892 illas
1072 1834 1283 1910 interpretandi

181 1932 312 1992 rationes
326 1932 453 1991 debebat
463 1951 528 1992 esse
541 1931 689 2010 colligere,
704 1942 733 1992 et
744 1931 925 2009 nigredinem
937 1952 961 1992 s.
976 1933 1124 2009 ⁴pallorem
1137 1935 1282 1994 extrinse-

182 2052 233 2092 cus
251 2033 409 2108 superaddi
426 2041 544 2106 notare,
570 2034 630 2093 iam
647 2035 694 2107 id,
718 2033 799 2111 quod
823 2033 977 2109 proprium
1000 2042 1046 2092 est
1064 2034 1165 2106 faciei,
1190 2036 1283 2112 recipi

181 2132 401 2210 quodammodo
413 2133 493 2192 intus
506 2134 667 2210 significan
684 2135 713 2193 id
728 2133 809 2212 quod
827 2151 862 2192 eo
876 2133 1105 2206 commendatur,
1123 2136 1202 2210 quod
1216 2133 1283 2193 Piel
1377 2168 1378 2179 ι

179 2234 271 2292 habet
287 2233 347 2292 vim
363 2232 555 2307 intensivum,
574 2253 646 2311 ergo
667 2249 731 2314 unp
755 2234 903 2309 corripere
918 2233 1020 2309 potius
1037 2242 1083 2294 est
1099 2253 1187 2311 quam
1203 2254 1283 2294 mere

181 2334 333 2410 colligere,
353 2334 405 2391 cir.
424 2335 480 2393 Ies.
497 2335 614 2407 XXIV,
635 2342 682 2407 163
700 2335 777 2394 Hos.
795 2333 859 2406 IX,
878 2337 893 2392 6
900 2355 909 2406 3
927 2335 979 2392 ΕΖ.
998 2334 1116 2407 XXIV,
1136 2339 1177 2393 13.
1213 2335 1281 2410 Quo

180 2435 274 2508 adde,
292 2446 428 2492 naturam
445 2435 546 2510 potius
563 2437 641 2495 ferre
657 2444 690 2495 nt
700 2432 897 2511 pellescamus
909 2441 989 2492 metu
1005 2441 1034 2492 et
1043 2443 1173 2507 terrore,
1192 2455 1281 2513 quam

180 2535 388 2606 rubescamus,
413 2553 467 2594 nec
491 2555 551 2595 non
573 2537 677 2596 lerem.
695 2536 806 2608 XXX,
825 2540 841 2592 6
866 2535 1012 2610 pallorem
1034 2554 1099 2593 cunr
1116 2536 1281 2612 parturien-

180 2636 253 2696 tium
270 2635 402 2711 gestibus
426 2636 611 2696 couiunctum
634 2637 763 2714 proponi
771 2636 789 2694 ¹.
833 2633 890 2694 cui
915 2634 1107 2711 explicationi
1129 2645 1282 2697 cunctatus

181 2744 227 2796 est
250 2735 409 2794 Gnsnurns
431 2756 469 2794 ne
491 2738 699 2811 assentiretur,
730 2735 869 2814 quoniam
892 2735 952 2794 tale
974 2736 1090 2794 dicendi
1114 2755 1206 2813 genus
1229 2739 1284 2796 ila-¹

181 2837 290 2913 gitaret
306 2836 354 2894 vel
372 2837 511 2896 suffixum
530 2851 649 2904 erinna
668 2838 716 2897 vel
733 2837 904 2908 articulum,
922 2855 989 2896 cum
1007 2837 1093 2908 „sine
1105 2837 1215 2896 suffixo
1228 2857 1283 2914 po·

182 2937 270 2997 situm
289 2937 377 2995 talem
401 2937 535 2996 vultuum
557 2945 691 3000 naturam
716 2937 860 2995 indiceret
882 2936 963 3014 quali
986 2936 1061 2994 alias
1084 2955 1184 2995 carere
1207 2937 1283 2995 sole-

181 3041 290 3110 rent;“
307 3038 364 3094 hoc
381 3044 479 3096 tamen
498 3046 701 3117 argumentum
719 3036 795 3097 tanti
818 3055 878 3094 non
901 3036 1035 3107 iecerim3
1061 3037 1157 3113 magis
1180 3056 1284 3112 curun·

182 3139 251 3196 dum
269 3137 401 3212 videtur,
426 3140 507 3216 quod
524 3140 604 3197 nitor
619 3139 706 3198 faciei
721 3135 819 3196 lurido
836 3136 931 3195 colori
952 3154 1013 3194 non
1030 3136 1105 3195 adeo
1129 3138 1285 3213 oppositus

183 3247 229 3300 est
246 3256 335 3314 quam
352 3239 474 3298 rubedo.
502 3241 534 3318 4)
551 3240 687 3298 Rubrum
705 3239 781 3297 enim
794 3238 923 3296 colorem
935 3245 1111 3312 acceperunt
1123 3239 1286 3296 Murranum

182 3355 243 3396 ann
260 3337 383 3419 sineru,
406 3339 497 3398 Annrv
514 3341 614 3413 Esus,
637 3341 703 3398 Ew.
721 3339 795 3396 Mer.
814 3339 882 3411 all.;
908 3338 959 3414 qui
977 3355 1043 3396 cum
1060 3347 1205 3414 cognatus
1223 3351 1286 3399 ma·
1317 3393 1319 3398 ,

183 3458 314 3519 gnopere
342 3457 408 3498 cum
437 3440 594 3516 splendore
617 3441 672 3513 sit,
699 3449 761 3498 tum
777 3440 905 3515 repetis
929 3437 1062 3498 dialectis
1085 3448 1201 3515 potest3
1233 3442 1285 3500 cfr.

183 3559 211 3600 a.
229 3539 293 3598 rad.
312 3554 395 3613 εαο,
414 3541 579 3600 oscendere
603 3529 723 3622 palli,
746 3529 844 3606 tlte-o
862 3539 922 3611 ira,
948 3539 1048 3612 furor,
1076 3528 1288 3620 iloni-alliso

184 3639 447 3714 excandescentia3
471 3641 576 3700 deinde
592 3645 656 3732 ‘iffa
681 3639 807 3712 ferror'3·¹
819 3635 884 3732 ‘ejija
908 3657 1014 3714 spuma
1030 3639 1108 3698 ollae
1125 3641 1286 3712 bullientis,

173 3733 222 3831 ,b
240 3741 430 3800 effervescere
440 3742 490 3801 all.
500 3763 509 3814 ;
527 3741 653 3820 denique
670 3757 731 3804 w:
749 3742 885 3817 flagrare.
909 3737 1128 3798 conserendum
1142 3747 1187 3798 est
1199 3736 1289 3799 etiam

184 3841 242 3902 les.
261 3842 354 3914 xm,
373 3845 389 3898 8
410 3854 501 3901 ouran
521 3838 616 3902 nuans
637 3855 693 3901 uo.
719 3842 784 3900 Iam
801 3858 872 3900 vero
889 3839 917 3898 si
943 3854 1006 3916 vap
1032 3837 1207 3916 intelligitur
1224 3849 1289 3900 tan·

184 3983 386 3992 ——n-—n-

237 4098 265 4160 1)
281 4101 431 4152 Notandum
449 4112 552 4166 quoquo
571 4108 610 4151 est
627 4103 784 4167 praeclarum
797 4101 899 4152 dicendi
911 4115 1000 4166 genus,
1012 4101 1082 4165 quod
1094 4097 1231 4152 Persarum
1243 4110 1290 4164 est,

185 4201 249 4267 6,)
266 4173 314 4255 tqll
338 4199 406 4250 equa
422 4185 521 4247 vultus,
543 4187 561 4238 i.
580 4201 602 4235 ε.
625 4185 745 4250 splendor
769 4199 845 4250 super
861 4186 953 4236 faciem
971 4187 1083 4237 hominis
1100 4187 1169 4237 beati
1186 4185 1290 4248 effusus,

186 4268 231 4316 cfr.
250 4268 381 4320 Numam
399 4271 509 4324 Weeser
526 4270 571 4320 des
589 4271 688 4320 Lebens
706 4287 729 4335 p.
745 4270 786 4319 69.

1038 4358 1054 4406 6
