2954 4784
627 146 701 206 Car.
715 148 753 207 ll.
773 169 800 208 r.
815 153 841 206 5.
1239 141 1284 210 63

182 327 282 397 bruttia
306 334 387 393 faces
412 340 481 392 sunt
504 331 568 390 Iud.
588 331 663 404 Vll,
684 337 724 392 16.
741 338 793 405 203
824 331 911 394 Sacb.
927 331 1006 404 XII,
1027 336 1073 404 16,
1098 351 1194 410 neque
1216 351 1298 402 vero

181 435 318 493 flammae
335 431 492 511 (Gessit.)
506 466 542 474 —
560 432 717 492 Postremo
728 436 876 510 Jitlpurum
893 437 985 492 inetur
1001 441 1104 500 racnt5
1124 446 1217 508 urps:
1232 433 1285 491 cfr.

181 533 278 607 111,2
309 550 379 596 omn
403 548 462 609 pu:
490 533 527 591 de
549 531 665 611 fulgore
687 535 813 608 dictum,
836 535 885 594 hic
906 544 1004 594 autem
1027 531 1185 594 celeritatis
1208 533 1289 592 valet

110 645 115 659 “
181 635 354 695 similitudo.
370 623 372 626 ’
387 647 496 701 itm*
513 633 591 691 Pilel
608 654 635 692 a.
649 653 678 692 v.
696 649 750 710 *m
768 655 899 707 currere,
923 651 995 712 ergo
1012 633 1169 706 cursitare,
1191 653 1287 702 ruere,

180 754 276 813 neque
300 753 372 794 vero
389 734 466 792 Poel
487 752 514 791 a
532 753 561 792 v.
588 750 649 794 337
671 734 735 793 Iud.
749 737 796 809 X,
814 739 845 809 8,
872 735 1073 812 confringere,
1096 751 1221 807 vexare,
1243 735 1288 792 uti

179 835 301 895 voluere
317 835 404 907 lum,
425 815 603 908 Taurinum,
626 835 808 910 P1scaroa.,
833 855 910 914 quae
931 835 1080 912 fulgurum
1104 834 1287 911 comparatio

182 944 320 996 constare
336 953 397 993 non
413 941 521 1010 potest.

233 1035 471 1095 Consentaneum
488 1035 618 1093 maxime
639 1044 700 1110 est,
723 1037 802 1096 bunc
818 1056 937 1098 versum
960 1053 1021 1094 non
1046 1053 1131 1094 secus
1148 1054 1184 1094 ac
1201 1053 1287 1112 prae·

182 1136 333 1194 cedentem
349 1135 460 1194 referre
476 1135 515 1193 ad
531 1135 686 1195 Medorum
703 1146 733 1196 et
750 1137 984 1216 Babyloniorum
1002 1136 1164 1207 exereitum
1183 1136 1219 1193 de
1235 1135 1287 1194 iis·

182 1237 248 1296 dem
264 1236 370 1295 dicitur
384 1235 522 1325 'curribus
540 1243 569 1294 et
586 1237 689 1295 eodem
708 1238 866 1314 splendore
882 1243 1061 1314 apparatum
1085 1235 1181 1294 omnis
1198 1235 1286 1294 etiam

183 1335 393 1396 enuntiationis
410 1343 516 1394 natura
540 1337 639 1396 nescio
658 1339 729 1415 quid
745 1339 855 1398 babeat
878 1336 1020 1396 victoriae
1041 1343 1072 1394 et
1094 1334 1287 1406 certitudinis,

182 1456 248 1494 cum
260 1436 454 1514 Assyriorum
469 1436 505 1494 de
517 1435 682 1512 improviso
699 1458 911 1515 oppressorum
924 1436 1055 1497 defensio
1072 1454 1108 1494 ac
1120 1431 1287 1511 desperatio

181 1537 270 1615 longe
287 1537 373 1596 aliter
390 1536 582 1596 describatur.
610 1538 658 1597 De
675 1539 877 1617 Assyriorumv
891 1537 1086 1616 trepidatione
1102 1535 1215 1612 primus
1238 1553 1287 1593 co-

181 1638 288 1714 gitavit
304 1638 552 1709 Tasonoaan,
572 1656 638 1696 cum
655 1639 779 1699 diceret:
802 1626 871 1699 αἰπὸ
886 1631 948 1720 γὰρ
969 1633 1030 1698 τοῦ
1049 1624 1202 1714 θορύβου
1222 1631 1288 1693 τῶν

182 1726 344 1798 ἐπιόντων
364 1728 535 1814 πολεμίων
555 1723 703 1818 ι’ίχρησια
724 1728 833 1798 πάντα
854 1727 1043 1819 γενήσεται,
1073 1722 1232 1815 ἀλλήλοις
1252 1729 1287 1793 ἐν
1348 1779 1353 1792 ,

180 1836 253 1910 ταῖς
275 1827 369 1909 ὁδοῖς
391 1825 646 1914 συμπλεκόμενα
672 1831 729 1899 καὶ
750 1827 817 1900 ὑπὸ
842 1825 994 1919 ἀλλήλων
1016 1825 1285 1912 συμπαιοδμεια·

181 1937 335 2017 sequentia
363 1945 461 1996 autem
488 1936 527 1995 ad
549 1923 741 2012 praeteritum
763 1947 880 2015 tempus
905 1938 1010 1996 refert:
1034 1926 1092 1993 καὶ
1113 1923 1180 2014 μήν
1201 1949 1287 2014 φησι

182 2037 331 2120 γενναῖον
353 2027 476 2112 eligatur
498 2026 606 2097 πάλαι
620 2029 792 2121 φρόνημα,
815 2031 873 2098 καὶ
893 2030 932 2097 τὸ
951 2024 1130 2111 θυμοειδὲς
1145 2024 1201 2090 διὰ
1222 2027 1288 2088 τῶν

182 2126 372 2220 ὀφθαλμῶν
391 2129 565 2218 delatoriae,
589 2131 646 2197 καὶ
667 2120 741 2196 οἷόν
760 2153 829 2197 τισι
850 2123 1003 2214 λαμπάσι
1019 2125 1075 2190 καὶ
1097 2118 1289 2210 ἀστραπαῖς

181 2230 431 2313 ἐξεδιιματιιῦτε
462 2227 540 2306 τοὺς
571 2224 741 2318 ὑπηκόους
748 2278 758 2308 ,
791 2223 861 2296 ἀλλ’
886 2229 921 2296 ἐν
946 2231 988 2318 τῇ
1019 2227 1086 2291 τῶν
1117 2220 1288 2304 πολεμίων

181 2329 358 2418 προσβόλῇ
372 2328 482 2395 δειλία
496 2323 582 2411 ὑμᾶς
602 2323 675 2395 ἀντὶ
694 2331 754 2417 τῆς
773 2323 928 2418 ἀνδρείας
942 2327 1091 2406 καθέξει.
1116 2334 1288 2412 Sequuntur

180 2437 307 2514 primam
319 2437 406 2496 huius
419 2436 581 2496 sententiae
597 2417 712 2512 partein
721 2435 869 2508 Versum,
882 2435 1064 2508 Karmena,
1082 2437 1159 2509 Ew,
1173 2433 1286 2508 Unam,

181 2539 248 2596 ideo
262 2537 343 2614 quod
362 2555 468 2612 parum
487 2536 644 2612 probabile
661 2535 715 2608 sit,
734 2537 837 2595 eadem
854 2536 981 2612 repetita
998 2553 1063 2595 csse
1080 2555 1157 2614 quae
1178 2536 1288 2594 habeat

182 2642 236 2696 v.4
253 2636 363 2714 (Knn.)
376 2669 412 2680 -
431 2644 462 2695 at
479 2655 533 2695 nec
549 2637 674 2712 repetita
691 2654 756 2694 esse
774 2644 803 2695 et
816 2636 906 2695 alium
924 2655 1022 2694 rerum
1039 2636 1136 2696 locum
1154 2635 1286 2712 cogitan-

182 2738 252 2796 dum
269 2737 452 2808 monuimus3
476 2737 580 2795 deinde
596 2736 649 2795 vix
672 2736 798 2794 dixerim
822 2736 898 2809 „die
915 2753 1008 2812 ganzo
1026 2733 1221 2812 Sobilderung
1237 2753 1287 2812 ge·

183 2838 276 2896 winnt
289 2857 337 2900 ,en
363 2837 575 2895 dramatischer
597 2836 848 2913 Lebendigkeit“,
877 2837 903 2896 si
925 2836 1024 2895 valeat
1045 2835 1227 2894 enuntiatum
1250 2835 1287 2892 de

181 2937 334 3014 Assyriis3
358 2937 418 2995 imo
436 2943 549 3014 quanto
568 2945 597 2995 et
613 2936 741 2994 vividius
759 2943 789 2995 et
805 2935 985 3012 praeclarius
997 2936 1127 2994 hostium
1144 2935 1286 2993 exercitui

182 3036 331 3114 descripto
356 3043 415 3096 αδ
433 3056 474 3098 ss.
501 3035 610 3096 misera
635 3036 830 3114 Assyriorum
859 3034 1019 3112 opponitur
1042 3035 1194 3094 defensio?
1222 3033 1287 3092 Iam

183 3157 270 3212 vero,
289 3138 314 3197 si
331 3138 367 3196 de
379 3137 474 3196 Medis
492 3156 586 3214 aeque
603 3137 739 3195 dicuntur
755 3155 791 3194 ac
803 3156 831 3194 v.
843 3142 875 3209 4,
894 3144 923 3194 et
934 3135 993 3193 loci
1006 3137 1151 3212 quaedam
1167 3143 1197 3193 et
1213 3142 1286 3192 tem-

182 3239 265 3314 poris
289 3238 447 3314 cogitanda
464 3237 629 3296 differentia
645 3237 716 3295 critr
740 3251 835 3302 nts'tn
860 3253 920 3294 non
942 3243 1081 3312 poterunt
1102 3235 1159 3296 nisi
1181 3235 1288 3294 subur·

182 3339 299 3397 biorum
316 3337 432 3414 plateae
449 3355 515 3396 esse
532 3337 659 3414 (luem),
685 3337 748 3395 sive
770 3355 840 3412 pars
858 3337 939 3395 urbis
956 3336 1045 3396 latius
1062 3347 1201 3408 extensa,
1226 3335 1287 3395 dis·

184 3439 343 3515 tinguendo
365 3439 403 3496 ab
427 3455 494 3495 arce
519 3444 549 3494 et
570 3436 652 3512 regia
676 3436 761 3496 vallis
783 3437 934 3514 murisque
956 3437 1063 3496 fortius
1088 3435 1286 3505 circumdata3

183 3539 288 3598 deinde
312 3538 395 3597 locos
417 3537 505 3596 ctiam
531 3535 649 3595 differre
674 3555 791 3596 necesse
816 3545 877 3609 est;
901 3555 970 3594 nam
994 3541 1056 3595 ct
1078 3535 1249 3594 accedentes
1270 3553 1288 3590 e

183 3639 345 3716 longinquo
360 3638 521 3714 pinguntur
532 3637 650 3709 hostes,
669 3657 697 3695 v.
711 3640 728 3694 5
745 3637 875 3696 externis
892 3635 951 3693 iam
970 3635 1053 3694 urbis
1066 3635 1199 3710 partibus
1216 3651 1287 3708 cap-

183 3740 222 3798 tis
240 3739 277 3797 ad
296 3757 396 3796 muros
419 3756 513 3814 usque
530 3738 681 3816 progressi
708 3745 863 3813 apparent.
896 3734 1093 3794 Continuatur
1106 3733 1215 3792 'deinde
1232 3750 1287 3808 op-

183 3838 327 3916 pugnatio
349 3859 376 3897 r.
390 3832 433 3896 δδ
460 3847 489 3897 et
505 3843 561 3898 7α.
