2954 4784
191 179 239 248 46
608 183 680 244 Cnr.
694 183 740 257 II,
758 203 786 242 v.
803 186 879 245 1-5.

192 378 307 430 tantum
332 355 392 427 non
415 368 605 448 desperantes
627 371 756 430 Iudaeos
781 367 862 426 iubet
886 365 970 426 Deus
994 367 1110 427 animos
1134 368 1297 447 oculosque

193 471 330 530 attollere
346 471 385 529 ad
403 488 511 530 novum
528 478 618 548 atque
635 471 835 548 inopinatum,
854 468 934 546 quod
944 467 1004 526 Dei
1016 468 1204 544 providentia
1221 470 1295 528 obii-

192 581 322 645 ceretnr,
347 570 555 647 spectaculum.
564 575 583 606 ‘⁴
620 573 792 631 Mancinus
843 569 965 627 Pondus
990 577 1088 627 autem
1112 570 1238 628 voculae
1260 589 1295 628 eo

193 672 289 732 maius
308 681 369 743 est,
388 671 468 749 quod
486 681 606 731 resonat
621 673 652 732 in
669 673 723 746 iis,
742 690 818 750 quae
836 677 1012 746 sequnntur,
1034 670 1227 730 laetissimum
1244 690 1296 729 va-

193 772 328 830 ticinium
345 772 403 830 Ies.
416 771 489 843 LII,
508 776 539 844 7,
563 773 604 832 uti
630 774 710 832 inira
726 771 908 842 videbimus3
932 769 1015 830 cuius
1038 771 1211 829 conficiendi
1235 772 1295 828 iam

190 873 302 932 instare
319 872 434 930 initium
452 872 641 948 significatur.
677 867 844 944 essen-tu,
863 869 896 928 in
912 871 1062 930 montibus
1081 890 1140 929 non
1157 871 1224 929 ideo
1242 890 1295 948 ap·

191 993 296 1050 parere
319 971 456 1031 dicuutur
479 974 591 1048 nuntiI,
616 974 697 1052 qnod
720 989 782 1031 vox
806 971 875 1029 inde
899 971 986 1047 longe
1013 972 1131 1050 lateque
1160 972 1296 1031 exaudiri

193 1081 294 1150 potest
306 1072 433 1149 (Deua.)
450 1107 487 1115 -
504 1093 563 1132 non
581 1094 642 1134 vox
660 1073 738 1134 enim
756 1071 808 1131 sed
824 1071 915 1147 pedes
933 1080 1073 1131 notantur
1090 1107 1127 1115 —
1145 1072 1198 1132 sed
1214 1073 1296 1149 quod

191 1173 297 1232 defixis
314 1172 544 1232 desiderantium
561 1175 654 1236 oculis
678 1175 709 1233 in
734 1172 877 1231 montium
902 1171 980 1248 iugis
1002 1173 1064 1231 iere
1081 1173 1295 1250 quaeritantur,

191 1274 292 1352 ibique
308 1274 502 1333 adventantes
519 1276 648 1351 primum
667 1275 831 1334 offeruntur
848 1273 1026 1349 conspectui.
1057 1274 1211 1332 Articulus
1228 1273 1297 1332 licet

190 1375 311 1433 omnino
329 1382 444 1433 tantum
462 1393 555 1451 genus
573 1377 717 1436 montium
735 1357 889 1450 significet,
908 1374 961 1432 cfr.
975 1373 1041 1433 Ew.
1059 1374 1180 1451 ξ299ε,
1199 1374 1297 1451 possit

191 1483 292 1534 tamen
309 1475 398 1534 etiam
415 1483 530 1534 montes
547 1476 763 1554 Hierosolyma
784 1474 935 1550 cingentes
952 1474 1000 1534 vel
1016 1474 1157 1534 Indaeam
1181 1476 1219 1534 ab
1236 1476 1296 1534 As-

190 1575 274 1653 syria
290 1584 463 1652 separantes
479 1576 638 1654 indigitare
650 1579 765 1656 (Hmz,
783 1575 902 1653 Mnus.)
915 1594 981 1634 cum
998 1576 1036 1635 ab
1055 1595 1091 1634 ea
1107 1575 1297 1652 potissimum

190 1685 277 1754 parte
294 1676 438 1735 eiusmodi
455 1679 576 1738 nuntius
593 1684 823 1756 exspectaretur.
854 1676 979 1736 Pedes
997 1687 1212 1754 nuncupantur,
1230 1684 1296 1735 tan·

191 1797 281 1854 quam
303 1777 530 1838 instrumentum
552 1780 703 1853 curreudI,
726 1788 756 1838 et
778 1777 848 1854 quia
870 1777 1038 1838 festinando
1056 1777 1197 1837 victoriae
1221 1795 1296 1835 nun-

191 1876 251 1937 tius
275 1876 463 1954 cognoscitur
479 1879 591 1958 (Ew.);
617 1882 669 1940 cfr.
689 1880 774 1940 Cant.
788 1878 835 1951 11,
853 1882 884 1950 83
909 1880 1013 1937 Actor.
1028 1878 1067 1952 V,
1085 1881 1110 1938 9.
1154 1893 1244 1937 notan
1268 1877 1295 1936 ia

191 1985 253 2051 est,
285 1977 336 2055 qui
363 1978 443 2037 laeta
464 1981 600 2055 nunciat;
630 2001 699 2040 nam
723 1981 793 2038 licet
815 1977 974 2037 Krntcurus
1004 1997 1115 2038 meram
1139 1976 1296 2038 nuntiandi

191 2086 377 2164 potestatem¹
387 2079 539 2155 defendam
563 2081 594 2141 'n
608 2097 681 2166 appa
697 2096 738 2144 un
753 2097 789 2146 aa
805 2073 923 2142 :subu
938 2095 1065 2144 nimina
1079 2094 1179 2151 nuno,
1197 2087 1296 2136 tamen

192 2179 283 2238 semel
299 2182 503 2240 tantummodo
522 2183 552 2240 in
569 2181 663 2240 literis
677 2179 769 2241 sacris
787 2180 823 2237 de
836 2179 916 2236 malo
933 2177 1042 2254 legitur
1055 2177 1159 2237 nuntio
1173 2179 1293 2252 dictum,

195 2277 302 2339 lSam.
316 2279 370 2353 IV,
390 2285 431 2354 17,
449 2280 481 2339 id
498 2283 579 2360 quod
602 2281 772 2359 „singulare
790 2287 851 2353 est,
879 2293 909 2337 et
924 2287 1024 2356 potest
1041 2278 1206 2339 existimari
1222 2281 1295 2338 abu-

191 2380 333 2452 sivum;“
358 2381 411 2440 cfr.
429 2386 445 2439 2
460 2380 541 2442 Sam.
554 2381 677 2455 XVIII,
697 2387 745 2453 193
771 2381 828 2440 Iss.
844 2379 918 2452 XL,
937 2385 968 2453 93
993 2378 1081 2453 XLI,
1099 2384 1149 2452 273
1173 2381 1244 2454 LII,
1263 2385 1294 2452 75

190 2479 265 2553 LX,
284 2485 314 2550 ὃς
337 2479 427 2538 Lxx
450 2470 725 2562 εὖαγγελίζοντος.
766 2479 929 2554 „Notabile
951 2487 1012 2553 est,
1036 2481 1117 2557 quod
1134 2481 1192 2540 Ista
1207 2480 1296 2539 radix

192 2599 252 2638 non
270 2580 418 2656 significat
434 2583 596 2659 quamlibet
607 2580 852 2658 publicationem,
871 2599 932 2640 non
948 2581 992 2640 rei
1003 2580 1136 2654 fulturae,
1153 2600 1214 2639 non
1226 2599 1296 2657 pro-

191 2681 359 2754 missionIs,
378 2681 431 2740 sed
443 2682 486 2740 rei
500 2683 654 2744 existentis
667 2683 816 2759 praesenti
827 2690 976 2758 tempore,
996 2673 1131 2760 quaeque
1142 2689 1296 2758 praeterea

192 2781 233 2841 sit
255 2781 367 2839 factum
389 2783 527 2862 aliquod,
551 2792 603 2842 aut
624 2782 746 2861 aliquod
769 2783 879 2842 factum
901 2783 1064 2842 includat.“
1100 2780 1295 2842 Goussarrus

193 2901 223 2958 p.
237 2885 296 2942 279.
333 2881 421 2958 Quod
439 2885 593 2944 collectivo
606 2903 694 2944 sensu
711 2884 912 2961 intelligamus
924 2883 1073 2956 nuntium,
1091 2883 1135 2940 uti
1148 2883 1296 2942 nonnullis

192 2983 321 3060 placuit,
347 3001 454 3044 caussa
469 2986 552 3044 nulla
568 2995 627 3059 est,
652 2984 811 3043 dnmmodo
828 2993 996 3057 teneamus,
1020 2983 1148 3060 speciem
1164 2983 1296 3061 aliquam

193 3092 284 3161 atque
300 3084 458 3161 imaginem
475 3086 603 3163 spectari
625 3085 804 3162 cuiuspiam,
830 3085 897 3163 qui,
920 3085 1024 3143 audita
1038 3084 1111 3142 Nini
1133 3084 1295 3154 eversione,

193 3183 232 3241 de
255 3184 418 3244 laetissimo
447 3195 552 3245 eventu
574 3186 702 3248 Iudaeos
730 3185 853 3245 reddere
875 3185 1016 3246 certiores
1042 3184 1176 3256 lestinet3
1205 3203 1297 3262 quare

194 3301 248 3341 nec
266 3283 302 3341 de
319 3284 463 3344 eiusmodi
490 3285 679 3364 cogitandum
703 3287 814 3346 nuntiIs
832 3295 894 3358 est,
919 3285 1044 3364 „quales
1067 3285 1199 3346 emittere
1222 3285 1297 3344 sols·

194 3384 268 3442 bant
283 3382 386 3442 Iudaei
403 3386 442 3443 ad
460 3389 629 3447 neomenias
646 3386 764 3465 altaque
780 3387 858 3446 festa
874 3386 1089 3464 designanda.“
1119 3385 1296 3463 (Kanmsn,

194 3483 332 3562 Manca.)
364 3484 459 3559 Quale
476 3496 574 3548 autem
599 3488 654 3561 sit,
679 3487 760 3564 quod
783 3486 871 3545 affert
891 3487 1027 3560 nuntius,
1050 3484 1216 3546 distinctius
1237 3486 1297 3545 lam

194 3584 347 3644 declarant
364 3606 410 3646 vu.
429 3583 511 3650 nnbat
532 3603 656 3660 vrowa,
680 3585 733 3664 qni
750 3585 852 3646 audire
872 3587 944 3646 iacit
960 3605 1078 3662 pacem3
1102 3605 1205 3663 paoem
1222 3586 1298 3646 enim
1379 3652 1383 3660 ,

192 3679 315 3762 signilat
336 3686 388 3765 bn,
418 3707 477 3747 non
500 3687 644 3760 salutem,
675 3688 744 3746 licet
769 3705 843 3764 pace
866 3695 896 3746 et
919 3687 1076 3746 securitate
1096 3688 1136 3746 ab
1161 3686 1297 3759 inimicis,

192 3786 282 3864 quale
298 3787 500 3849 Israelitarum
528 3795 593 3847 erat
614 3788 780 3866 ingenium,
807 3788 903 3848 omnis
927 3789 1068 3866 cogitatio
1093 3787 1197 3848 salutis
1219 3805 1299 3845 com-

192 4043 311 4096 doctriua
327 4048 391 4097 satis
408 4049 489 4099 multa
506 4049 609 4114 quidem
626 4056 761 4115 congesta,
779 4049 825 4100 sed
841 4048 911 4101 haud
922 4050 1001 4114 probe
1017 4049 1142 4116 dinposita
1153 4053 1205 4112 est;
1222 4061 1298 4097 omne
1329 4103 1333 4114 .

192 4129 296 4193 insuper
321 4133 469 4196 opusculum
491 4133 635 4199 theologlco
661 4137 746 4201 potins
770 4135 841 4198 usui,
866 4147 943 4200 quarn
965 4135 1057 4186 doctae
1078 4131 1298 4200 iuterprststloni⁸

195 4213 289 4264 rationi
306 4217 525 4270 accommodatum
543 4225 589 4270 est.
