2954 4808
639 239 712 302 Car.
725 241 751 313 Ι,
769 261 797 301 r.
812 247 837 300 8.
1182 187 1190 202 ἢ
1242 237 1288 308 27

183 425 310 503 peritur,
326 419 417 486 Lxx
436 417 514 496 τοὺς
535 416 809 505 ἒπεγειρομένους
830 417 888 485 καὶ
907 418 985 498 τοὺς
999 416 1157 509 ἐχθρούς,
1181 423 1289 486 Chald.

184 525 348 586 Turonor.
365 526 474 604 legisse
490 526 626 586 videntur
639 541 759 603 arnapa,
779 543 855 606 quos
872 527 1176 604 sequunturDrrrm,
1194 528 1290 601 lnsrr,

184 625 312 700 omen,
338 626 582 700 anmmmr,
607 635 712 686 contra
729 645 805 706 quos
822 627 954 686 Falsus
970 629 990 688 l.
1008 628 1029 687 l.
1046 647 1076 704 p.
1091 632 1123 686 ll
1137 646 1176 687 ss.
1195 647 1290 705 appo-

184 728 241 788 site
257 735 373 800 monet,
395 741 472 804 urps
490 745 555 788 esse
571 727 717 800 excitare3
740 729 843 805 legunt
858 745 949 804 porro
971 743 1085 818 popu,
1112 738 1142 787 et
1158 741 1190 804 ps
1213 729 1290 788 'acci-

183 828 269 905 piunt
284 846 341 904 pro
358 827 507 906 genitivo,
531 827 607 887 mule
624 829 773 888 intellecto
790 841 823 906 to
844 828 890 902 II,
911 832 957 902 10,
980 831 1105 894 Aomna
1132 816 1202 888 ἀπὸ
1222 826 1289 888 τῶν

185 917 427 1003 ἀνισταμένων,
449 928 597 1002 Prusae,
615 928 779 988 uererer.

233 1029 299 1087 Iam
321 1047 393 1086 vero
413 1023 587 1088 'vaticinium
610 1029 659 1088 hic
681 1030 792 1088 editum
816 1030 856 1088 ad
877 1031 1001 1098 verbum
1024 1030 1158 1090 evenisse
1181 1032 1292 1090 docent

184 1129 347 1188 Kannrsur
364 1147 391 1188 a.
408 1129 438 1188 h.
455 1148 485 1188 v.
509 1138 539 1188 et
560 1129 667 1188 Kurra
690 1129 764 1206 (Die
785 1129 893 1191 Erfdll.
918 1131 971 1190 der
993 1129 1158 1191 biblischen
1176 1131 1288 1192 Weiss.

185 1227 294 1306 Stuttg.
313 1232 379 1287 1844
396 1247 425 1305 p.
441 1230 521 1308 259),
549 1249 614 1290 cnm
626 1223 763 1290 Dronon.
787 1228 890 1291 Sicut.
903 1231 1052 1304 1111111,
1070 1236 1104 1290 26
1122 1231 1288 1305 tradiderit,

184 1337 256 1406 post
284 1329 452 1388 diuturnam
481 1329 556 1390 Nini
590 1329 773 1391 obsidionem
804 1329 971 1408 Tigridem,
1008 1331 1109 1390 multis
1144 1333 1291 1392 imbribus

184 1447 364 1507 magnopere
393 1437 566 1506 exaustum,
596 1431 747 1509 perruptis
776 1431 868 1490 muris
897 1449 1035 1510 magnam
1067 1431 1150 1491 urbis
1172 1441 1289 1508 partem

184 1531 345 1590 inundasse
351 1551 360 1602 ;
382 1539 445 1590 tum
462 1551 535 1590 vero
557 1551 656 1610 regem
674 1530 928 1607 Sardanapalum,
951 1542 1037 1592 retus
1054 1525 1204 1609 quoddam
1222 1551 1291 1590 ora·

185 1630 283 1689 culum
300 1627 464 1690 coniectum
480 1641 578 1707 ratus,
597 1652 657 1712 quo
675 1649 742 1690 non·
753 1631 847 1690 everti
864 1633 964 1691 urbem
981 1633 1212 1710 praediceretur,
1230 1633 1290 1692 nisi

185 1732 292 1790 lluvius
309 1729 445 1793 inimicus
461 1725 547 1794 urbis
561 1735 657 1794 factus
676 1741 768 1806 esset,
793 1747 859 1794 sese
875 1751 941 1791 oum
958 1732 1138 1793 mulierculis
1156 1742 1210 1792 etc.
1228 1751 1296 1792 cre·

185 1849 292 1892 masse.
336 1829 391 1890 Oui
414 1833 577 1892 sententiae
600 1833 728 1910 primum
757 1833 866 1906 officit,
896 1833 977 1911 quod
1007 1851 1045 1892 ex
1068 1834 1163 1894 altero
1185 1847 1294 1894 versus

185 1931 334 2006 membro,
359 1939 449 1991 etex
466 1954 495 1993 v.
511 1939 543 1993 10
560 1934 610 1994 all.
636 1941 776 2010 apparet,
801 1933 837 1992 de
859 1933 1053 1992 inundatione
1068 1943 1168 1993 vatem
1192 1935 1291 1993 dicere

185 2051 239 2109 per
261 2031 435 2108 imaginem}
464 2031 570 2094 deinde
600 2033 681 2112 quod
706 2033 859 2093 Diodorus
884 2033 920 2092 de
945 2035 1066 2092 oraculo
1091 2034 1184 2093 verba
1204 2033 1290 2106 iacit,

186 2132 267 2210 quod
283 2139 312 2191 ct
329 2132 483 2211 antiquum
501 2142 580 2196 esset
591 2168 643 2208 -,
662 2129 693 2192 N
694 2134 819 2194 ahumus
835 2141 934 2192 antem
950 2133 1004 2192 vix
1018 2133 1177 2211 sexaginta
1193 2150 1289 2192 annos

185 2241 255 2291 ante
271 2233 520 2309 expugnationem
536 2235 609 2298 Nini
625 2233 804 2293 vaticinatus
828 2241 874 2293 est
895 2265 932 2277 -
956 2241 986 2292 et
1008 2232 1153 2293 eiusmodi
1170 2233 1291 2292 omnino

186 2341 247 2407 cst,
275 2341 309 2393 ut
337 2333 507 2394 nullarum
528 2336 609 2396 hisce
632 2333 732 2394 verbis
761 2333 906 2392 contineri
931 2334 1046 2393 ratione
1076 2342 1228 2411 appareat.
1254 2362 1292 2376 -

185 2433 267 2492 Idem
284 2433 391 2494 deinde
406 2434 563 2496 Knrrurvs
579 2455 609 2512 p.
622 2439 673 2494 258
686 2451 726 2495 ss.
744 2443 774 2492 et
790 2434 926 2493 nonnulli
948 2435 1000 2496 alii
1025 2435 1149 2494 alteram
1167 2433 1291 2494 membri

184 2542 301 2612 partem
316 2534 361 2592 ita
377 2535 540 2594 confectam
558 2535 784 2607 contenderunt,
802 2534 947 2608 alluens,
966 2535 1017 2593 ubi
1027 2533 1126 2602 Ninus
1138 2530 1196 2594 fuit
1208 2535 1292 2608 olim,

184 2634 307 2711 reperiri
324 2633 445 2693 omnino
462 2654 521 2693 non
537 2644 655 2712 posset,
673 2635 806 2694 Lucrum
822 2634 884 2693 iere
900 2634 1069 2712 ignorantia
1086 2635 1234 2695 commoti.
1259 2635 1292 2693 Is

186 2735 264 2792 enim
280 2733 312 2793 in
329 2733 398 2793 dial.
412 2723 693 2806 Ἔνιισκοποῦντνς
713 2745 734 2792 t.
748 2734 779 2807 1,
796 2753 826 2811 p.
833 2715 904 2792 'raaz
940 2721 1036 2815 ἡμὲν
1051 2729 1165 2805 Νῖνος,
1184 2734 1293 2813 inquit,

186 2821 361 2894 ἀπόλωλεν
383 2819 462 2915 ἤδη,
487 2827 544 2894 καὶ
566 2822 662 2894 οὐδὲν
689 2821 780 2909 ἴχνος
800 2823 850 2893 ἔτι
877 2825 998 2893 λοιπὸν
1019 2821 1136 2914 αὐτῆς,
1165 2821 1237 2894 οὐδ’
1253 2823 1294 2894 dr

186 2923 300 3016 εἴπῃς,
323 2923 412 2994 ὅπου
433 2919 573 3016 ποτ’ἦνς
599 2941 629 2992 et
649 2933 760 2993 latetur
782 2932 971 2993 doctissimus
993 2932 1183 2991 Boenasrus
1205 2931 1292 2992 Plral.

184 3034 239 3107 IV,
257 3037 292 3091 20
308 3052 337 3109 p.
351 3037 417 3107 ast,
434 3033 545 3092 in'loeo
558 3033 632 3093 Nini
644 3033 777 3111 praecise
790 3031 954 3092 definiendo
966 3032 1079 3091 stasne
1091 3032 1175 3091 viros
1187 3032 1295 3092 doctos

185 3152 218 3194 se
247 3133 382 3211 fatigare.
420 3136 465 3192 At
492 3133 618 3192 aliorum
644 3134 881 3194 testimoniorum
910 3132 997 3211 quasi
1026 3131 1125 3191 silra¹
1154 3127 1295 3210 surgente

185 3253 263 3292 nunc
279 3254 296 3292 e
312 3241 393 3293 terra
408 3233 491 3292 Nino
507 3234 625 3312 egregie
642 3236 815 3293 confirmata
836 3241 882 3294 est
905 3241 935 3292 et
951 3233 1162 3308 comprobatur
1177 3233 1299 3292 indies
1374 3240 1377 3246 '

184 3334 376 3412 praeclarium.
420 3333 584 3408 Quiditat
615 3334 667 3394 iac
688 3334 870 3414 aliquamdiu
892 3334 1025 3411 ignotum
1050 3333 1145 3394 luisse
1161 3329 1235 3392 Nini
1253 3333 1293 3393 si

186 3445 263 3508 tum,
289 3434 441 3493 tamenin
463 3434 785 3511 ipsisverbisuostris
809 3453 870 3494 non
894 3435 987 3507 inest,
1012 3433 1111 3493 locum
1134 3433 1199 3494 eins
1222 3451 1293 3494 nus-

185 3553 276 3613 quam
299 3534 406 3594 debere
428 3533 556 3594 inveniri
577 3551 683 3612 posse3
707 3553 778 3594 nam
795 3530 858 3597 mi:
880 3546 927 3595 est
948 3535 1132 3607 absolutum,
1156 3551 1293 3593 consum·

185 3643 313 3708 matum,
336 3635 485 3694 stlocum
509 3633 634 3695 adonius
655 3636 825 3696 absolutum
848 3635 972 3694 reddere
994 3653 1074 3694 mere
1092 3640 1152 3694 est:
1183 3633 1291 3707 iacere,

185 3743 221 3794 ut
245 3735 304 3794 iste
326 3734 410 3794 locus
433 3735 577 3796 iam'uon
600 3743 697 3795 outae
718 3735 800 3795 illius
829 3735 928 3810 urbis,
959 3753 995 3793 eo
1024 3753 1120 3812 nsque
1148 3734 1298 3807 extentis,-

184 3835 269 3896 loeus
286 3834 337 3894 sit.

236 3934 318 4009 Quid
332 3941 448 4009 autem,
472 3954 538 3994 com
555 3943 705 3996 evertatur
722 3937 811 4009 urbs,
837 3934 987 4011 patientur
1004 3933 1138 3994 incolae?
1165 3935 1292 3991 immicos

237 4175 263 4236 1)
274 4173 392 4239 'Collegit
409 4181 435 4225 et
452 4175 570 4239 exposuit
587 4177 714 4242 permulta
725 4175 835 4228 Tacatua
848 4177 909 4238 1.1.‚
927 4176 998 4227 brevi
1010 4181 1146 4241 conspeetu
1158 4177 1291 4256 proposuit

125 4289 127 4292 -
185 4259 372 4310 Wmsamonn
390 4260 407 4310 l.
419 4259 437 4309 l.
455 4275 479 4324 p.
492 4259 524 4309 16
537 4273 571 4310 as.
1153 4273 1155 4278 ·
