2954 4808
178 125 200 195 8
604 127 861 203 cn.1‚v.s-c.

175 315 393 387 Beneficium,
415 312 483 375 Eu.
511 312 739 386 contenderunt,
768 312 835 372 ideo
859 314 1048 392 praesertim,
1074 315 1157 394 quod
1184 317 1282 394 prima

175 407 345 475 resbacum
360 413 551 492 sequentibus
568 412 651 472 nullo
667 413 757 472 modo
775 413 962 478 cohaereant.
990 417 1034 475 At
1047 436 1119 476 vero
1134 437 1281 496 quaenam

175 524 276 595 potest
297 515 483 574 manifestior
506 532 572 574 esse
593 513 796 588 necessitudo,
821 535 910 592 quam
933 535 1010 594 quae
1032 517 1188 577 intercedit
1204 519 1282 580 inter

176 625 380 694 argumentum
409 615 480 675 libri
509 623 539 674 et
568 615 738 675 auctorem?
789 616 928 690 Accedit,
965 618 1046 695 quod
1082 618 1141 677 uisi
1170 621 1281 679 mentio

127 739 129 744 ’
177 717 297 778 omnino
319 716 351 775 in
372 716 459 775 titulo
476 717 558 776 facte
574 713 649 774 Nini
670 724 764 790 esset,
789 734 885 794 usque
906 717 945 776 ad
961 717 1008 789 11,
1026 722 1042 775 9
1066 737 1120 777 nec
1142 718 1282 782 universa

176 817 290 891 oratio,
308 836 363 876 nec
377 817 519 878 suffixum
535 815 609 876 illud
630 829 734 892 surpra
761 817 795 889 1,
812 820 829 874 8
846 837 906 894 quo
924 818 1042 877 tandem
1060 819 1221 896 pertineret
1236 821 1281 880 di-

175 918 274 978 vinari
296 926 409 996 posset.
453 915 515 976 cfr.
533 917 613 976 infra
629 936 657 974 e.
675 915 705 973 h.
723 935 753 975 v.
776 949 813 962 -
843 916 1005 978 Grurrmus
1030 927 1135 978 contra
1151 921 1284 980 defendit

175 1013 302 1096 primam
324 1016 500 1096 perticulam
517 1038 535 1077 e
551 1016 761 1077 cousuetudine
777 1026 896 1092 vatum,
923 1019 983 1078 tale
1006 1019 1078 1097 quid
1100 1020 1283 1080 inscribendi

177 1119 320 1193 oraculis,
347 1119 471 1178 alteram
494 1117 642 1190 destituit3
665 1125 698 1175 at
720 1117 746 1176 si
768 1137 846 1196 quae
868 1127 915 1178 est
935 1121 1148 1197 prophetarum
1171 1122 1202 1180 in
1224 1123 1283 1182 hoc

176 1219 394 1298 generantis,
419 1226 532 1294 esest,
556 1227 590 1278 ut
607 1237 692 1278 suum
707 1220 874 1296 praefigant
895 1239 1004 1280 nomen
1028 1229 1171 1298 tanquam
1188 1221 1282 1282 divini

176 1320 300 1398 spiritus
321 1313 598 1394 instrumentorum,
622 1339 660 1378 ne
684 1337 771 1378 omne
793 1319 890 1380 visum
908 1328 988 1382 stare
1012 1321 1232 1400 quodammodo
1249 1324 1281 1382 in

176 1422 290 1482 lubrico
308 1421 465 1481 videretur.

629 1657 829 1676 ..μ-...ιώ

641 1905 676 1954 v.
696 1883 818 1956 2-14.

224 2023 359 2084 Primum
376 2023 509 2085 vaticinii
526 2032 616 2102 caput
632 2023 728 2084 tribus
746 2023 899 2084 coniicitur
924 2024 1087 2099 particulis.
1122 2025 1196 2104 I)v.
1210 2031 1284 2086 a-e

174 2134 295 2186 notatur
311 2128 344 2205 a)
361 2126 409 2186 dei
425 2126 541 2185 indoles
559 2132 588 2184 et
605 2133 727 2199 natura,
746 2145 765 2186 a
780 2145 841 2202 qua
857 2124 1014 2186 imminens
1030 2126 1168 2204 Assyriis
1190 2126 1283 2204 plaga

174 2229 334 2304 repetenda
351 2227 405 2302 sit,
423 2248 451 2286 v.
465 2231 491 2286 2.
509 2230 568 2298 3a3
585 2225 621 2304 b>
637 2226 776 2286 universa
793 2224 969 2286 describitur
985 2225 1087 2286 iudicii
1104 2226 1199 2287 divini
1216 2246 1285 2304 spe-

175 2328 234 2388 cies
252 2347 280 2386 v.
291 2329 403 2399 3b-63
428 2327 474 2405 II)
489 2326 557 2385 inde
575 2326 647 2404 quid
663 2335 782 2386 maneat
798 2334 914 2404 gentem
931 2345 1033 2400 suam,
1057 2327 1129 2406 quid
1146 2327 1282 2388 inimicos

175 2427 335 2504 Assyrios,
359 2427 519 2504 exponitur
541 2446 569 2485 r.
583 2430 685 2500 7-113
710 2427 836 2506 denique
859 2427 920 2505 111)
937 2427 1061 2486 Domini
1077 2427 1232 2488 consilium
1254 2435 1286 2488 et
1395 2427 1401 2435 “

174 2529 287 2586 iussum
304 2528 341 2587 de
364 2525 588 2606 exstinguendis
605 2527 742 2606 Assyriis
765 2535 794 2588 et
819 2527 973 2588 liberando
997 2529 1110 2606 populo
1136 2547 1190 2590 suo
1215 2529 1282 2588 bre-

175 2627 252 2687 viter
267 2629 445 2706 proponitur
461 2649 490 2688 v.
506 2632 618 2686 12-14.

617 2889 661 2966 Α.
695 2913 730 2962 v.
751 2889 846 2960 2-6.

634 3049 662 3091 c.
693 3035 760 3090 ut.
777 3035 828 3090 3a.

692 3217 720 3260 v.
739 3202 764 3258 2.

224 3335 304 3394 Deus
319 3336 416 3393 zelotes
433 3343 460 3391 et
475 3328 607 3390 admenta
615 3332 765 3402 Donstnna,
781 3333 914 3392 mouente
922 3331 1062 3391 Dominus
1079 3343 1106 3392 at
1118 3343 1197 3394 autu
1210 3334 1278 3412 pol-

174 3439 247 3507 leas,
270 3437 403 3494 unacum
419 3434 559 3509 Dominus
575 3437 606 3491 in
622 3437 748 3492 inimicos
764 3451 829 3492 suos
845 3443 873 3492 et
888 3451 1004 3492 secana
1021 3434 1194 3493 emersus
1210 3439 1279 3494 san.

174 3551 247 3613 susp
270 3552 340 3596 rara
364 3527 501 3596 adiecti'vi
518 3535 615 3593 forma
631 3534 699 3611 (cfr.
717 3535 778 3593 Ios.
790 3531 908 3607 XXIV,
928 3535 974 3612 19)
992 3551 1048 3609 pro
1066 3534 1183 3612 vulgari
1205 3549 1280 3622 agg,

172 3653 272 3696 acrem
288 3644 374 3698 notat
391 3647 420 3696 et
432 3627 584 3695 strenuum
597 3655 649 3696 seu
661 3635 692 3692 in
708 3635 837 3694 amando
854 3652 906 3694 seu
916 3632 949 3692 in
960 3634 1115 3694 irascendo
1129 3635 1280 3706 animum

173 3738 295 3796 verbnm
314 3751 373 3820 usp
397 3744 427 3796 et
442 3753 550 3795 nomen
568 3749 650 3824 susp
672 3743 735 3793 tum
760 3734 831 3808 hac,
858 3743 921 3793 tum
942 3734 995 3793 illa
1017 3734 1126 3811 legitur
1149 3735 1280 3806 notione,

174 3855 239 3896 cum
269 3837 414 3897 adiectivo
445 3854 599 3896 commune
618 3815 778 3912 'utriusque
806 3835 1028 3894 fundamentum
1057 3835 1138 3895 insit.
1183 3833 1281 3909 Quam

174 3937 257 3997 vocis
279 3937 455 3998 sententiam
472 3935 630 4011 descripsit
646 3934 802 3996 Huuusrs.
819 3934 924 4011 (Beitr.
939 3935 1002 4012 ΙΙΙΙ,
1019 3937 1081 3993 455.
1107 3935 1167 3994 Die
1187 3934 1282 4010 Opler

174 4037 226 4096 der
248 4039 316 4096 heil.
335 4017 446 4098 Schriit
466 4055 496 4112 p.
511 4037 559 4114 21)
584 4043 726 4114 tanquam
748 4035 875 4095 alacrem
902 4026 1086 4115 ἐνέργειαν,
1111 4054 1171 4112 qua
1194 4053 1282 4094 verus

174 4147 203 4197 et
220 4138 305 4198 vivus
323 4136 443 4196 Israelis
461 4145 490 4195 et
508 4134 743 4196 Christianorum
761 4135 834 4196 deus
856 4133 991 4194 differta
1013 4134 1137 4196 factitiis
1162 4135 1281 4196 simula-

1023 4461 1472 4786 4
