2954 4784
490 949 692 1024 GAPU'I'
722 891 1017 1028 TERll'IUH.

705 1188 806 1200 —ffl

202 1406 298 1506 Quae
314 1438 407 1495 altero
426 1436 522 1513 capite
539 1437 657 1495 fuerant
679 1439 845 1514 explicata,
869 1440 972 1500 eadem
994 1439 1082 1500 tertie
1107 1442 1170 1501 alia
1191 1443 1308 1504 ratione

200 1539 395 1598 declarantur.
420 1537 468 1595 Ac
483 1536 612 1614 primum
628 1537 748 1615 quidem
772 1539 927 1616 I)sicerie
946 1548 976 1599 et
992 1539 1174 1601 interfectori
1202 1543 1307 1603 caedes

199 1659 228 1699 v.
251 1642 335 1710 1-3,
369 1637 475 1695 foedae
508 1638 654 1696 meretrici
683 1639 841 1698 denudatio
871 1649 901 1700 et
929 1640 1095 1716 ignominia
1125 1643 1307 1720 praedicitur

199 1759 228 1798 v.
245 1727 327 1796 rsst.
353 1737 398 1816 ll)
414 1736 546 1810 Deinde,
569 1757 607 1798 ne
628 1738 767 1798 firmitate
783 1740 917 1800 locorum
934 1749 964 1800 et
980 1741 1134 1817 copiarum
1150 1749 1305 1819 praestan·

200 1839 243 1900 tia
259 1837 411 1914 depulsuri
433 1837 634 1898 imminentem
656 1857 757 1900 casum
779 1839 953 1914 videantur,
977 1841 1150 1914 ¹Thebarum
1167 1842 1305 1921 exemplo

198 1960 228 2000 v.
241 1943 329 1998 8-10
345 1937 502 2018 proposito
529 1939 667 2011 decenn,
690 1939 820 2000 bumana
842 1940 992 2017 praesidia
1016 1951 1120 2002 contra
1142 1942 1306 2004 Dominum

199 2040 272 2100 nibil
292 2039 393 2100 velere
415 2059 443 2098 v.
459 2043 569 2098 11-13.
602 2039 663 2116 ΠΙ)
679 2040 761 2112 Imc,
785 2059 847 2118 quo
868 2042 965 2118 magis
988 2042 1105 2118 pellent
1129 2062 1252 2102 numero
1276 2053 1307 2102 et

199 2140 327 2212 viribus,
348 2157 384 2197 eo
409 2139 534 2213 certior,
558 2157 594 2198 eo
618 2140 795 2200 cumulatior
816 2141 873 2201 erit
893 2141 981 2202 ruina
1002 2161 1031 2200 v.
1045 2145 1158 2216 14-17,
1181 2163 1242 2222 qua
1264 2145 1304 2204 ob

198 2240 414 2300 immanitatem
428 2239 610 2316 flagitiorum
627 2247 657 2298 et
673 2240 816 2300 scelerum
837 2241 1026 2320 magnificum
1043 2243 1238 2320 Assyriorum
1257 2263 1303 2302 re·

198 2358 288 2418 guum
305 2339 519 2416 exstinguetur,
536 2359 564 2398 v.
584 2344 626 2412 18,
642 2344 684 2398 19.

248 2441 312 2499 Iam
330 2458 401 2498 vero
423 2440 500 2498 hanc
516 2439 647 2498 vaticinii
663 2447 780 2516 partem
797 2459 858 2499 uon
880 2441 1005 2502 alienam
1029 2461 1094 2502 esse
1120 2441 1159 2500 sb
1186 2450 1302 2500 antece-

198 2540 294 2614 denti,
313 2541 365 2599 sed
382 2539 549 2600 arctissima
563 2558 629 2600 curn
647 2560 683 2600 ea
699 2540 844 2601 contineri
860 2541 1091 2615 necessitudine,
1108 2560 1195 2602 nemo
1210 2560 1300 2620 nega·

197 2641 256 2714 bit,
282 2639 334 2718 qui
350 2640 398 2700 vel
414 2640 510 2703 obiter
527 2648 677 2700 extremos
694 2641 816 2703 alterius
833 2642 941 2720 capitis
957 2652 987 2702 et
1009 2642 1088 2704 tertii
1104 2641 1218 2719 primes
1234 2662 1299 2703 ver·

197 2761 248 2804 sus
265 2741 343 2806 inter
359 2760 392 2801 se
409 2741 600 2803 contenderit.
624 2742 718 2802 Vates
736 2742 813 2803 enim
830 2743 941 2820 ingenti
956 2743 1099 2804 scelerum
1112 2743 1151 2802 ab
1163 2743 1299 2820 Assyriis

197 2841 423 2902 commissorum
439 2841 600 2907 memoriae
617 2841 799 2919 aliquamdiu
815 2843 989 2904 immoratus
1005 2852 1137 2904 atrocem
1154 2842 1300 2904 declamat

196 2941 435 3016 retributionem,
454 2961 545 3019 quem
560 2942 715 3017 profusum
732 2942 905 3019 sanguinem
916 2942 998 3004 videt
1013 2942 1107 3020 sequi.
1129 2941 1235 3016 Quare
1252 2943 1299 3002 vel

196 3043 254 3102 hoc
269 3043 336 3119 ipso
357 3051 532 3120 argumento
542 3061 643 3102 eorum
654 3042 825 3120 infringitur
837 3043 997 3114 sententia,
1017 3042 1068 3120 qui
1081 3042 1204 3102 alteram
1217 3041 1307 3106 dein..

197 3163 267 3220 ceps
295 3129 546 3220 expugnationem
573 3142 647 3202 Nini
681 3154 711 3202 et
744 3143 927 3202 eversionem
961 3143 1088 3202 describi
1122 3141 1300 3202 cavillarunt

196 3243 355 3319 (Hessius
372 3243 532 3304 demonstr.
551 3261 655 3320 evang.
672 3261 794 3318 propes.
811 3242 867 3315 IV,
886 3241 1052 3316 onmem,
1070 3243 1298 3320 Ramnetum),

198 3345 281 3405 cuius
297 3344 471 3404 memoriam
487 3343 607 3404 iamiam
624 3343 802 3404 exstinctam
819 3361 885 3404 esse
900 3343 965 3402 iure
982 3351 1135 3404 asseverat
1149 3343 1297 3404 Hanvnu·

197 3461 321 3504 urcnms
337 3443 418 3504 Eiul.
441 3443 574 3506 Defensa
591 3451 637 3504 est
652 3443 799 3508 uberrime
814 3451 845 3502 et
861 3443 988 3520 singulis
1004 3445 1146 3522 adaptate
1162 3445 1298 3506 versibus
1355 3468 1358 3472 ·

196 3565 217 3604 a
232 3545 425 3616 Ktimene,
449 3543 501 3622 qui
526 3563 543 3602 e
565 3543 714 3620 perversis
731 3543 794 3604 suis
811 3544 952 3604 derebus
969 3545 1164 3621 Assyriorum
1181 3544 1299 3620 opinio·

195 3645 283 3704 nibus
305 3644 401 3702 altero
425 3644 522 3720 capite
546 3644 795 3720 expugnationem
816 3644 871 3704 sub
889 3643 1094 3721 Sardanapalo
1117 3646 1156 3702 ab
1179 3643 1298 3704 Arbace

196 3745 322 3817 factem,
345 3743 433 3802 tertio
455 3752 554 3804 antem
575 3763 594 3802 a
612 3742 751 3821 Gysxare
773 3746 828 3804 sub
847 3743 1054 3821 Ohyniladsno
1078 3742 1205 3804 describi
1227 3762 1296 3802 con-

198 3844 307 3916 tendit3
325 3851 430 3904 contra
445 3863 534 3922 quem
550 3845 768 3904 &cancarrus
784 3844 864 3905 Einl.
882 3844 943 3916 III,
961 3863 990 3920 p.
1009 3847 1059 3902 282
1080 3861 1120 3903 ss.
1137 3842 1232 3904 multa
1248 3862 1296 3904 sa-

196 3945 235 4006 tis
252 3954 389 4004 accurate
410 3943 580 4034 disputavit.
604 3944 765 4022 Proprium
791 3952 957 4005 astantem
980 3944 1064 4020 poesi
1086 3952 1116 4002 et
1133 3942 1310 4003 visionibus-

195 4053 311 4117 vatum‚
335 4046 416 4122 quod
438 4046 556 4106 easdem
578 4064 626 4106 res
649 4063 668 4104 a
690 4044 816 4106 diversis
833 4045 919 4121 quasi
936 4043 1070 4121 partibus
1088 4043 1214 4121 profecti
1231 4062 1295 4104 sae-

197 4144 262 4206 dius
284 4153 458 4218 retractent3
482 4157 572 4224 atque
595 4145 670 4208 adeo
693 4145 788 4206 alters
809 4145 883 4206 haec
904 4145 1079 4210 evertendae
1094 4143 1167 4204 Nini
1190 4143 1296 4206 decau-
