2954 4784
198 214 243 282 70
603 218 735 292 omn,
754 223 890 277 v.s-11.

194 421 270 480 quas
292 420 351 460 nou
373 401 469 461 faoilis
497 409 542 462 est
572 401 685 474 aditus,
714 401 774 460 iam
798 401 886 460 facile
909 402 1146 477 occupabuntur,
1175 409 1299 495 apertae

195 511 266 564 suut
286 507 353 561 et.“
387 503 558 567 Ewnunus:
585 501 665 574 „Die
687 503 779 561 durch
805 500 924 561 Strdme
945 503 1004 561 und
1022 502 1299 580 Wasserleitungeu

194 623 263 662 vom
279 603 379 680 Tigris
389 603 454 669 ,her
476 621 511 662 so
534 603 614 662 wohl
632 603 796 661 verwahrte
812 601 914 675 Stadt3
924 606 944 636 “
969 603 1022 661 cfr.
1040 603 1147 660 Murus
1164 601 1248 662 Stud.
1267 623 1297 662 u.

193 703 334 764 Kritiken
358 708 440 776 1842,
462 702 518 775 IV,
541 722 571 779 p.
587 707 652 762 1032
675 722 715 762 ss.
750 701 806 762 cui
829 703 1021 778 explicationi
1043 704 1152 762 obiecit
1174 703 1297 762 Roseu-

193 820 390 864 Musnnunus:
409 804 498 880 „quis
514 822 574 861 non
590 802 746 880 intelligit,
763 803 857 862 latum
873 803 1069 880 rapidumque
1081 804 1213 880 Tigridis
1230 824 1297 863 am-

145 913 149 921 ’
194 923 260 964 nem
283 905 384 970 hostes
407 905 446 963 ab
469 903 522 962 illa
545 904 627 963 urbis
653 912 739 980 parte
761 905 847 989 aditu
867 904 967 980 potius
992 923 1092 964 arsere
1110 904 1296 964 debuisse?“

146 1003 155 1027 '
193 1024 295 1064 verum
312 1005 467 1082 angustius
485 1005 523 1063 ab
540 1005 597 1064 hoo
614 1025 642 1063 v.
661 1004 689 1062 d.
707 1004 833 1081 intelligi
850 1006 942 1063 verba
966 1005 1095 1064 ostendit
1111 1005 1295 1078 Msuassua

192 1105 261 1164 lieet
277 1105 343 1181 ipse
360 1105 482 1164 nimium
500 1104 589 1164 etiam
606 1104 717 1166 vidisse
733 1097 948 1164 existimandus
966 1105 1019 1178 sit,
1046 1125 1113 1164 oum
1129 1115 1295 1165 asseverata

194 1215 320 1282 „portae
335 1206 418 1265 urbis
436 1205 512 1264 sitae
528 1205 614 1264 iuxta
630 1205 698 1266 illas
714 1205 832 1278 fossas,
855 1224 966 1283 eaeque
988 1215 1094 1282 portae
1110 1224 1130 1264 a
1145 1205 1296 1267 Ninevitis

193 1295 262 1364 abta
286 1306 537 1383 oppugnationem
562 1307 600 1364 ad
623 1307 765 1366 arcendos
782 1306 883 1365 hostes
900 1307 1076 1380 innodatae,
1103 1308 1142 1366 ab
1158 1307 1307 1366 hostibus·

192 1426 279 1481 vero,
303 1407 390 1484 aquis
411 1407 444 1466 in
466 1407 557 1466 alium
575 1425 692 1465 rursum
709 1406 849 1479 deflexis,
875 1406 1003 1466 siooatae
1020 1415 1049 1466 et
1065 1395 1201 1483 apertae,
1226 1417 1259 1466 ut
1275 1428 1296 1466 a

193 1506 274 1585 Cyro
298 1509 409 1567 factum
421 1509 462 1566 viu
487 1507 686 1584 expugnanda
707 1507 863 1584 Babylone
884 1507 1010 1584 legimus
1034 1508 1065 1566 iu
1086 1507 1296 1584 Xenophontis

193 1607 392 1685 Cyropaedia.
428 1607 590 1682 Quaetam
607 1608 686 1668 altos
703 1615 733 1666 et
748 1608 827 1668 latos
844 1627 945 1668 muros
961 1609 1091 1667 habebat
1108 1609 1196 1680 urbs,
1221 1609 1295 1668 faoi·

192 1707 250 1768 lius
269 1710 495 1784 expugnabatur
512 1708 679 1767 derivandis
696 1708 801 1782 fossis,
826 1727 916 1786 quam
937 1708 1107 1785 rumpendis
1129 1709 1294 1769 moenibus.

192 1806 264 1868 Non
281 1810 382 1868 obstat
397 1809 466 1866 huie
487 1828 569 1866 meae
593 1808 829 1885 interpretationi
851 1817 919 1868 ante
943 1819 1108 1868 memorata
1132 1809 1218 1868 vinea
1241 1810 1294 1868 ad-

193 1916 274 1966 mota
290 1927 385 1967 muro.
420 1907 473 1967 Nil
497 1909 685 1985 inexpertum
710 1911 849 1968 omittunt
865 1913 1102 1986 oppugnantes.“
1136 1912 1180 1969 At
1197 1929 1294 1986 quo-

192 2009 299 2068 modo
317 2009 426 2085 aperiri
441 2017 545 2086 portas
563 2029 616 2086 per
632 2008 777 2070 visionem
794 2010 984 2087 conspexerit
999 2020 1103 2082 vates,
1126 2029 1186 2070 non
1203 2011 1294 2084 dixit3

192 2118 237 2182 et,
270 2110 296 2170 si
324 2110 428 2168 eodem
450 2111 558 2183 modo,
581 2129 617 2169 ao
646 2119 752 2187 postea
772 2110 927 2187 Babylon,
961 2119 1049 2187 capta
1081 2111 1171 2170 etiam
1194 2110 1294 2172 Ninus

193 2223 285 2284 esset,
314 2211 414 2270 neseio
439 2231 478 2269 an
500 2211 650 2287 proditum
680 2210 840 2270 memoriae
870 2219 956 2271 esset.
990 2212 1083 2270 Vates
1112 2220 1210 2272 autem
1240 2232 1294 2272 neo

192 2331 308 2370 amnem
324 2311 447 2370 Khosar
464 2330 530 2370 oum
546 2313 698 2372 canalibus
721 2312 787 2370 inde
811 2312 960 2384 deductis,
985 2331 1039 2371 neo
1054 2313 1169 2390 Lyoum
1195 2332 1218 2372 s.
1236 2313 1294 2372 Za·

192 2411 312 2472 batum¹
336 2411 511 2488 indigitasse
533 2412 681 2488 putandus
700 2422 759 2485 est,
785 2413 837 2472 sed
854 2433 933 2471 mere
949 2421 1068 2488 portas,
1092 2413 1190 2472 fluviis
1207 2433 1294 2490 prae·

192 2512 374 2571 tereuntibus
391 2512 617 2584 munitissimam
637 2513 800 2572 cuiusmodi
816 2513 912 2589 portis
924 2512 1038 2572 Ninum
1051 2513 1180 2578 defendi,
1199 2515 1291 2587 „sub-

191 2611 272 2670 tilem
288 2612 422 2672 locorum
439 2612 659 2690 cognitionem“
676 2613 797 2673 minime
814 2614 892 2687 olet,
918 2613 961 2672 uti
984 2615 1135 2674 existimat
1151 2615 1292 2676 Tucfflus

191 2731 222 2788 p.
237 2717 285 2784 643
316 2731 414 2770 nonne
443 2713 582 2773 animab
605 2713 742 2791 Assyriis
765 2715 854 2774 toties
877 2714 1044 2774 Galilaeam
1065 2715 1293 2792 peragrantibus

190 2813 318 2890 ipsaque
331 2813 543 2890 Hierosolyma
560 2815 816 2892 oppugnantibus,
834 2834 900 2874 oum
911 2815 994 2892 regui
1007 2815 1053 2875 sui
1066 2825 1095 2874 et
1107 2815 1190 2876 urbis
1206 2835 1293 2892 prae·

190 2913 330 2974 stantiam
347 2913 484 2975 iactando
502 2915 714 2990 describerent,
738 2916 947 2992 opportunitas
969 2917 1043 2976 situs
1067 2918 1292 2976 commemorari

189 3023 307 3090 praeter
324 3023 421 3087 cetera
438 3015 582 3075 debebat?

238 3116 280 3174 11.
303 3117 370 3192 Age
386 3123 484 3174 autem
502 3116 669 3190 videamus,
694 3117 766 3194 quid
791 3118 843 3176 alii
867 3118 1063 3191 elaborarint,
1095 3119 1163 3196 qui,
1187 3119 1290 3180 relicto

188 3215 313 3291 proprio
336 3217 492 3275 verborum
511 3235 614 3290 seusu,
640 3219 673 3296 a)
697 3228 830 3294 portas
853 3218 1045 3277 translate
1069 3219 1164 3278 dietas
1188 3221 1291 3280 existi·

189 3323 280 3374 mant.
318 3301 346 3392 lj
363 3317 472 3375 Aditus
490 3336 528 3375 ex
544 3318 736 3377 inundatione
751 3318 882 3396 Tigridis
899 3319 1066 3395 patefactos
1082 3317 1291 3398 intelligendos
1311 3337 1315 3342 ·

190 3433 255 3474 esse
271 3415 377 3474 doeeut
398 3414 565 3490 arnonus,
595 3417 804 3491 Kunnsrrua
834 3419 934 3491 Iusrr,
963 3419 1126 3492 Horren,
1155 3430 1290 3498 respecto

188 3515 342 3589 Diodoro,
362 3535 421 3592 quo
439 3526 559 3576 auotore
575 3517 706 3596 Tigridis
724 3519 917 3579 inundatione
933 3519 1025 3579 muris
1042 3539 1096 3596 per
1112 3521 1176 3580 XX
1193 3522 1291 3582 stadia

189 3616 345 3676 destruetis
361 3619 432 3678 urbs
449 3619 598 3696 patefacta
615 3620 750 3680 hostibus
769 3628 828 3693 est3
855 3621 907 3698 qni
934 3640 969 3678 eo
992 3620 1054 3680 fere
1071 3621 1211 3680 eommoti
1229 3631 1290 3682 stu-

189 3717 257 3790 dio,
269 3727 302 3777 ut
313 3718 344 3776 ll.
358 3738 398 3779 ss.
410 3739 476 3781 oum
489 3729 620 3780 veterum
634 3721 752 3798 seriptis
765 3721 919 3780 eouoinere
932 3721 1129 3798 ostenderent,
1143 3723 1204 3782 vim
1216 3724 1291 3782 infe·

187 3827 256 3877 runt
272 3819 386 3878 verbis:
412 3840 482 3879 nanr
504 3821 534 3881 'rr
556 3822 593 3880 'ta
624 3821 701 3880 nude
725 3821 804 3880 diota
828 3843 887 3880 non
912 3829 1040 3899 possunt
1063 3831 1168 3898 portas
1191 3824 1290 3884 fluviis

188 3918 352 3994 patefactas
369 3921 508 3980 indicare.
543 3925 573 4001 2)
590 3922 703 3981 Eadem
721 3922 894 3983 difficultate
911 3923 1037 3982 aliorum
1063 3923 1206 3999 premitur
1223 3943 1290 3984 sen·

188 4020 297 4092 tentia,
321 4020 372 4096 qni
396 4022 503 4081 fluvios
526 4031 666 4099 tanquam
690 4023 771 4082 urbis
800 4034 903 4100 portas
927 4032 1064 4084 censeant
1094 4023 1206 4098 dictos,
1236 4007 1291 4101 per

240 4243 264 4304 1)
282 4243 495 4295 Sosusssaursonu
516 4246 576 4296 diss.
595 4247 627 4297 de
645 4247 714 4299 Nino
733 4251 801 4300 urbe.
