<?xml version="1.0" encoding="UTF-8"?>
<!DOCTYPE html PUBLIC "-//W3C//DTD XHTML 1.0 Transitional//EN"
    "http://www.w3.org/TR/xhtml1/DTD/xhtml1-transitional.dtd">
<html xmlns="http://www.w3.org/1999/xhtml" xml:lang="en" lang="en">
 <head>
  <title>
</title>
<meta http-equiv="Content-Type" content="text/html;charset=utf-8" />
  <meta name='ocr-system' content='tesseract 3.04.00' />
  <meta name='ocr-capabilities' content='ocr_page ocr_carea ocr_par ocr_line ocrx_word'/>
</head>
<body>
  <div class='ocr_page' id='page_1' title='image "./nahumideninovat01stragoog/nahumideninovat01stragoog_0064.png"; bbox 0 0 2954 4808; ppageno 0'>
   <div class='ocr_carea' id='block_1_1' title="bbox 377 173 1286 262">
    <p class='ocr_par' dir='ltr' id='par_1_1' title="bbox 377 173 1286 262">
     <span class='ocr_line' id='line_1_1' title="bbox 377 173 1286 262; baseline 0.017 -21"><span class='ocrx_word' id='word_1_1' title='bbox 377 195 382 208; x_wconf 91' lang='grc'>·</span> <span class='ocrx_word' id='word_1_2' title='bbox 489 187 515 262; x_wconf 59' lang='grc' dir='ltr'>ᾗ.</span> <span class='ocrx_word' id='word_1_3' title='bbox 534 190 559 245; x_wconf 89' lang='lat'>5.</span> <span class='ocrx_word' id='word_1_4' title='bbox 588 185 636 248; x_wconf 84' lang='lat' dir='ltr'>Du</span> <span class='ocrx_word' id='word_1_5' title='bbox 654 205 751 248; x_wconf 84' lang='lat' dir='ltr'>ansus</span> <span class='ocrx_word' id='word_1_6' title='bbox 768 191 978 250; x_wconf 79' lang='lat' dir='ltr'>Assumoanu.</span> <span class='ocrx_word' id='word_1_7' title='bbox 1142 173 1145 180; x_wconf 36' lang='lat'><em>¹</em></span> <span class='ocrx_word' id='word_1_8' title='bbox 1248 215 1286 258; x_wconf 81' lang='lat' dir='ltr'>tv</span> 
     </span>
    </p>
   </div>
   <div class='ocr_carea' id='block_1_2' title="bbox 172 363 1365 2856">
    <p class='ocr_par' dir='ltr' id='par_1_2' title="bbox 172 363 1365 1648">
     <span class='ocr_line' id='line_1_2' title="bbox 182 363 1285 458; baseline 0.012 -28"><span class='ocrx_word' id='word_1_9' title='bbox 182 380 247 432; x_wconf 90' lang='lat' dir='ltr'>ctus</span> <span class='ocrx_word' id='word_1_10' title='bbox 264 379 323 443; x_wconf 90' lang='lat' dir='ltr'>est,</span> <span class='ocrx_word' id='word_1_11' title='bbox 349 370 481 446; x_wconf 79' lang='lat' dir='ltr'>Aegypti</span> <span class='ocrx_word' id='word_1_12' title='bbox 503 363 621 428; x_wconf 83' lang='lat' dir='ltr'>carner&#39;n</span> <span class='ocrx_word' id='word_1_13' title='bbox 638 378 668 430; x_wconf 90' lang='lat' dir='ltr'>et</span> <span class='ocrx_word' id='word_1_14' title='bbox 684 369 760 430; x_wconf 90' lang='lat' dir='ltr'>ollas</span> <span class='ocrx_word' id='word_1_15' title='bbox 777 372 986 434; x_wconf 76' lang='lat' dir='ltr'><strong>desiderabant</strong></span> <span class='ocrx_word' id='word_1_16' title='bbox 1002 375 1033 434; x_wconf 91' lang='lat' dir='ltr'>in</span> <span class='ocrx_word' id='word_1_17' title='bbox 1059 377 1192 454; x_wconf 88' lang='lat' dir='ltr'>deserto,</span> <span class='ocrx_word' id='word_1_18' title='bbox 1218 400 1285 458; x_wconf 86' lang='lat' dir='ltr'>spe-</span> 
     </span>
     <span class='ocr_line' id='line_1_3' title="bbox 183 469 1286 555; baseline 0.011 -25"><span class='ocrx_word' id='word_1_19' title='bbox 183 473 265 532; x_wconf 87' lang='lat' dir='ltr'>ciosa</span> <span class='ocrx_word' id='word_1_20' title='bbox 278 471 494 548; x_wconf 81' lang='lat' dir='ltr'>Aegyptiorum</span> <span class='ocrx_word' id='word_1_21' title='bbox 507 469 691 532; x_wconf 87' lang='lat' dir='ltr'>irritamenta</span> <span class='ocrx_word' id='word_1_22' title='bbox 704 479 734 530; x_wconf 88' lang='lat' dir='ltr'>ct</span> <span class='ocrx_word' id='word_1_23' title='bbox 746 471 866 531; x_wconf 82' lang='lat' dir='ltr'>foedera</span> <span class='ocrx_word' id='word_1_24' title='bbox 880 473 985 534; x_wconf 87' lang='lat' dir='ltr'>dolosa</span> <span class='ocrx_word' id='word_1_25' title='bbox 997 474 1065 550; x_wconf 90' lang='lat' dir='ltr'>plus</span> <span class='ocrx_word' id='word_1_26' title='bbox 1085 498 1175 555; x_wconf 88' lang='lat' dir='ltr'>quam</span> <span class='ocrx_word' id='word_1_27' title='bbox 1193 483 1286 544; x_wconf 87' lang='lat' dir='ltr'>semel</span> 
     </span>
     <span class='ocr_line' id='line_1_4' title="bbox 182 570 1285 662; baseline 0.012 -33"><span class='ocrx_word' id='word_1_28' title='bbox 182 571 339 648; x_wconf 88' lang='lat' dir='ltr'>perniciem</span> <span class='ocrx_word' id='word_1_29' title='bbox 356 571 394 630; x_wconf 89' lang='lat' dir='ltr'>iis</span> <span class='ocrx_word' id='word_1_30' title='bbox 411 578 591 662; x_wconf 83' lang='lat' dir='ltr'>paraverunt</span> <span class='ocrx_word' id='word_1_31' title='bbox 601 570 624 643; x_wconf 83' lang='lat'>¹3</span> <span class='ocrx_word' id='word_1_32' title='bbox 642 579 747 653; x_wconf 80' lang='lat' dir='ltr'>contra</span> <span class='ocrx_word' id='word_1_33' title='bbox 763 572 801 630; x_wconf 88' lang='lat' dir='ltr'>ab</span> <span class='ocrx_word' id='word_1_34' title='bbox 815 573 951 649; x_wconf 82' lang='lat' dir='ltr'>Assyriis</span> <span class='ocrx_word' id='word_1_35' title='bbox 969 577 1105 650; x_wconf 89' lang='lat' dir='ltr'>superbis</span> <span class='ocrx_word' id='word_1_36' title='bbox 1117 579 1178 640; x_wconf 92' lang='lat' dir='ltr'>illis</span> <span class='ocrx_word' id='word_1_37' title='bbox 1192 590 1285 658; x_wconf 89' lang='lat' dir='ltr'>atque</span> 
     </span>
     <span class='ocr_line' id='line_1_5' title="bbox 181 671 1284 758; baseline 0.011 -28"><span class='ocrx_word' id='word_1_38' title='bbox 181 671 329 730; x_wconf 86' lang='lat' dir='ltr'>ferocibus</span> <span class='ocrx_word' id='word_1_39' title='bbox 350 689 409 730; x_wconf 92' lang='lat' dir='ltr'>uon</span> <span class='ocrx_word' id='word_1_40' title='bbox 433 679 493 730; x_wconf 84' lang='lat' dir='ltr'>tam</span> <span class='ocrx_word' id='word_1_41' title='bbox 516 671 732 732; x_wconf 79' lang='lat' dir='ltr'>seducebantur</span> <span class='ocrx_word' id='word_1_42' title='bbox 761 679 852 749; x_wconf 91' lang='lat' dir='ltr'>atque</span> <span class='ocrx_word' id='word_1_43' title='bbox 881 676 1162 752; x_wconf 77' lang='lat' dir='ltr'>corrumpebantur,</span> <span class='ocrx_word' id='word_1_44' title='bbox 1194 701 1284 758; x_wconf 86' lang='lat' dir='ltr'>quam</span> 
     </span>
     <span class='ocr_line' id='line_1_6' title="bbox 182 771 1282 855; baseline 0.011 -26"><span class='ocrx_word' id='word_1_45' title='bbox 182 789 331 829; x_wconf 88' lang='lat' dir='ltr'>armorum</span> <span class='ocrx_word' id='word_1_46' title='bbox 355 771 385 828; x_wconf 88' lang='lat' dir='ltr'>vi</span> <span class='ocrx_word' id='word_1_47' title='bbox 407 779 437 828; x_wconf 89' lang='lat' dir='ltr'>et</span> <span class='ocrx_word' id='word_1_48' title='bbox 457 771 573 830; x_wconf 87' lang='lat' dir='ltr'>insidiis</span> <span class='ocrx_word' id='word_1_49' title='bbox 596 772 853 847; x_wconf 78' lang='lat' dir='ltr'>opprimebantur,</span> <span class='ocrx_word' id='word_1_50' title='bbox 882 775 1123 851; x_wconf 88' lang='lat' dir='ltr'>conterebantur,</span> <span class='ocrx_word' id='word_1_51' title='bbox 1156 780 1282 855; x_wconf 90' lang='lat' dir='ltr'>pedibus</span> 
     </span>
     <span class='ocr_line' id='line_1_7' title="bbox 172 868 1284 956; baseline 0.011 -28"><span class='ocrx_word' id='word_1_52' title='bbox 172 870 429 928; x_wconf 87' lang='lat' dir='ltr'>conculcabantur</span> <span class='ocrx_word' id='word_1_53' title='bbox 435 868 455 928; x_wconf 71' lang='lat'>⁹.</span> <span class='ocrx_word' id='word_1_54' title='bbox 482 871 564 946; x_wconf 85' lang='lat' dir='ltr'>Ergo</span> <span class='ocrx_word' id='word_1_55' title='bbox 581 871 710 931; x_wconf 86' lang='lat' dir='ltr'>indolem</span> <span class='ocrx_word' id='word_1_56' title='bbox 727 872 843 948; x_wconf 91' lang='lat' dir='ltr'>imperii</span> <span class='ocrx_word' id='word_1_57' title='bbox 855 873 976 949; x_wconf 86' lang='lat' dir='ltr'>Assyrii</span> <span class='ocrx_word' id='word_1_58' title='bbox 993 877 1148 950; x_wconf 87' lang='lat' dir='ltr'>praeclare</span> <span class='ocrx_word' id='word_1_59' title='bbox 1162 899 1284 956; x_wconf 86' lang='lat' dir='ltr'>expres-</span> 
     </span>
     <span class='ocr_line' id='line_1_8' title="bbox 183 969 1281 1060; baseline 0.008 -30"><span class='ocrx_word' id='word_1_60' title='bbox 183 970 222 1030; x_wconf 86' lang='lat' dir='ltr'>sit</span> <span class='ocrx_word' id='word_1_61' title='bbox 238 969 351 1042; x_wconf 89' lang='lat' dir='ltr'>Micba‚</span> <span class='ocrx_word' id='word_1_62' title='bbox 375 989 441 1028; x_wconf 92' lang='lat' dir='ltr'>cum</span> <span class='ocrx_word' id='word_1_63' title='bbox 458 970 616 1047; x_wconf 87' lang='lat' dir='ltr'>Assyriam</span> <span class='ocrx_word' id='word_1_64' title='bbox 639 971 804 1048; x_wconf 87' lang='lat' dir='ltr'>appellaret</span> <span class='ocrx_word' id='word_1_65' title='bbox 828 980 959 1046; x_wconf 90' lang='lat' dir='ltr'>„terram</span> <span class='ocrx_word' id='word_1_66' title='bbox 983 971 1144 1034; x_wconf 91' lang='lat' dir='ltr'>Nimrodi“</span> <span class='ocrx_word' id='word_1_67' title='bbox 1170 979 1222 1056; x_wconf 90' lang='lat' dir='ltr'>(V,</span> <span class='ocrx_word' id='word_1_68' title='bbox 1240 983 1281 1060; x_wconf 88' lang='lat'>4),</span> 
     </span>
     <span class='ocr_line' id='line_1_9' title="bbox 184 1069 1282 1154; baseline 0.011 -26"><span class='ocrx_word' id='word_1_69' title='bbox 184 1069 275 1129; x_wconf 86' lang='lat' dir='ltr'>trucis</span> <span class='ocrx_word' id='word_1_70' title='bbox 298 1071 450 1130; x_wconf 87' lang='lat' dir='ltr'>venatoris</span> <span class='ocrx_word' id='word_1_71' title='bbox 471 1070 551 1130; x_wconf 91' lang='lat' dir='ltr'>illius</span> <span class='ocrx_word' id='word_1_72' title='bbox 578 1090 677 1131; x_wconf 86' lang='lat' dir='ltr'>coram</span> <span class='ocrx_word' id='word_1_73' title='bbox 700 1071 846 1146; x_wconf 91' lang='lat' dir='ltr'>Domino,</span> <span class='ocrx_word' id='word_1_74' title='bbox 875 1073 986 1150; x_wconf 86' lang='lat' dir='ltr'>quippe</span> <span class='ocrx_word' id='word_1_75' title='bbox 1009 1075 1062 1151; x_wconf 90' lang='lat' dir='ltr'>qui</span> <span class='ocrx_word' id='word_1_76' title='bbox 1083 1077 1198 1154; x_wconf 90' lang='lat' dir='ltr'>primus</span> <span class='ocrx_word' id='word_1_77' title='bbox 1222 1099 1282 1140; x_wconf 91' lang='lat' dir='ltr'>non</span> 
     </span>
     <span class='ocr_line' id='line_1_10' title="bbox 181 1170 1283 1254; baseline 0.009 -25"><span class='ocrx_word' id='word_1_78' title='bbox 181 1170 292 1230; x_wconf 87' lang='lat' dir='ltr'>bestias</span> <span class='ocrx_word' id='word_1_79' title='bbox 316 1170 429 1244; x_wconf 89' lang='lat' dir='ltr'>solum,</span> <span class='ocrx_word' id='word_1_80' title='bbox 454 1190 556 1230; x_wconf 86' lang='lat' dir='ltr'>verum</span> <span class='ocrx_word' id='word_1_81' title='bbox 578 1171 711 1232; x_wconf 89' lang='lat' dir='ltr'>homines</span> <span class='ocrx_word' id='word_1_82' title='bbox 735 1172 897 1250; x_wconf 86' lang='lat' dir='ltr'>gentesque</span> <span class='ocrx_word' id='word_1_83' title='bbox 920 1174 1054 1233; x_wconf 89' lang='lat' dir='ltr'>venando</span> <span class='ocrx_word' id='word_1_84' title='bbox 1080 1180 1283 1254; x_wconf 81' lang='lat' dir='ltr'>superaverit⁸</span> 
     </span>
     <span class='ocr_line' id='line_1_11' title="bbox 181 1271 1365 1358; baseline 0.008 -28"><span class='ocrx_word' id='word_1_85' title='bbox 181 1279 271 1348; x_wconf 86' lang='lat' dir='ltr'>atque</span> <span class='ocrx_word' id='word_1_86' title='bbox 287 1271 418 1328; x_wconf 90' lang='lat' dir='ltr'>omnium</span> <span class='ocrx_word' id='word_1_87' title='bbox 434 1279 628 1348; x_wconf 83' lang='lat' dir='ltr'>tyrannorum</span> <span class='ocrx_word' id='word_1_88' title='bbox 649 1272 812 1348; x_wconf 79' lang='lat' dir='ltr'>perfectum</span> <span class='ocrx_word' id='word_1_89' title='bbox 828 1272 859 1330; x_wconf 91' lang='lat' dir='ltr'>in</span> <span class='ocrx_word' id='word_1_90' title='bbox 877 1289 909 1332; x_wconf 90' lang='lat' dir='ltr'>se</span> <span class='ocrx_word' id='word_1_91' title='bbox 926 1274 1052 1350; x_wconf 84' lang='lat' dir='ltr'>gesserit</span> <span class='ocrx_word' id='word_1_92' title='bbox 1069 1283 1174 1352; x_wconf 85' lang='lat' dir='ltr'>typum</span> <span class='ocrx_word' id='word_1_93' title='bbox 1191 1288 1282 1358; x_wconf 89' lang='lat' dir='ltr'>atque</span> <span class='ocrx_word' id='word_1_94' title='bbox 1363 1307 1365 1312; x_wconf 52' lang='lat'><strong><em>¹</em></strong></span> 
     </span>
     <span class='ocr_line' id='line_1_12' title="bbox 181 1369 1281 1454; baseline 0.01 -26"><span class='ocrx_word' id='word_1_95' title='bbox 181 1371 347 1448; x_wconf 84' lang='lat' dir='ltr'>imaginem.</span> <span class='ocrx_word' id='word_1_96' title='bbox 374 1369 628 1449; x_wconf 85' lang='lat' dir='ltr'>SicAssyriorum</span> <span class='ocrx_word' id='word_1_97' title='bbox 642 1391 762 1449; x_wconf 90' lang='lat' dir='ltr'>quoque</span> <span class='ocrx_word' id='word_1_98' title='bbox 774 1373 936 1432; x_wconf 85' lang='lat' dir='ltr'>dominatio</span> <span class='ocrx_word' id='word_1_99' title='bbox 951 1374 1081 1433; x_wconf 83' lang='lat' dir='ltr'>maxime</span> <span class='ocrx_word' id='word_1_100' title='bbox 1098 1375 1188 1454; x_wconf 89' lang='lat' dir='ltr'>digna</span> <span class='ocrx_word' id='word_1_101' title='bbox 1200 1378 1281 1438; x_wconf 86' lang='lat' dir='ltr'>vide·</span> 
     </span>
     <span class='ocr_line' id='line_1_13' title="bbox 181 1471 1281 1548; baseline 0.007 -19"><span class='ocrx_word' id='word_1_102' title='bbox 181 1473 277 1544; x_wconf 89' lang='lat' dir='ltr'>batur,</span> <span class='ocrx_word' id='word_1_103' title='bbox 296 1491 373 1548; x_wconf 89' lang='lat' dir='ltr'>quae</span> <span class='ocrx_word' id='word_1_104' title='bbox 390 1471 482 1531; x_wconf 88' lang='lat' dir='ltr'>totius</span> <span class='ocrx_word' id='word_1_105' title='bbox 499 1471 590 1532; x_wconf 89' lang='lat' dir='ltr'>seculi</span> <span class='ocrx_word' id='word_1_106' title='bbox 607 1492 660 1548; x_wconf 89' lang='lat' dir='ltr'>per</span> <span class='ocrx_word' id='word_1_107' title='bbox 678 1491 779 1531; x_wconf 89' lang='lat' dir='ltr'>omnes</span> <span class='ocrx_word' id='word_1_108' title='bbox 796 1481 909 1532; x_wconf 89' lang='lat' dir='ltr'>aetates</span> <span class='ocrx_word' id='word_1_109' title='bbox 921 1471 988 1531; x_wconf 88' lang='lat' dir='ltr'>Deo</span> <span class='ocrx_word' id='word_1_110' title='bbox 1006 1473 1192 1538; x_wconf 87' lang='lat' dir='ltr'>adversantis</span> <span class='ocrx_word' id='word_1_111' title='bbox 1210 1479 1281 1538; x_wconf 89' lang='lat' dir='ltr'>vici-</span> 
     </span>
     <span class='ocr_line' id='line_1_14' title="bbox 180 1571 448 1648; baseline 0 -18"><span class='ocrx_word' id='word_1_112' title='bbox 180 1574 236 1632; x_wconf 90' lang='lat' dir='ltr'>bus</span> <span class='ocrx_word' id='word_1_113' title='bbox 253 1571 448 1648; x_wconf 53' lang='lat' dir='ltr'>fungeretur&amp;</span> 
     </span>
    </p>

    <p class='ocr_par' dir='ltr' id='par_1_3' title="bbox 176 1669 1281 2856">
     <span class='ocr_line' id='line_1_15' title="bbox 230 1669 1281 1752; baseline 0.008 -22"><span class='ocrx_word' id='word_1_114' title='bbox 230 1673 295 1730; x_wconf 85' lang='lat' dir='ltr'>Iam</span> <span class='ocrx_word' id='word_1_115' title='bbox 313 1691 398 1745; x_wconf 88' lang='lat' dir='ltr'>vero,</span> <span class='ocrx_word' id='word_1_116' title='bbox 423 1673 563 1751; x_wconf 88' lang='lat' dir='ltr'>qnoniam</span> <span class='ocrx_word' id='word_1_117' title='bbox 581 1673 700 1732; x_wconf 87' lang='lat' dir='ltr'>uberius</span> <span class='ocrx_word' id='word_1_118' title='bbox 716 1669 931 1749; x_wconf 79' lang='lat' dir='ltr'>explicavimus</span> <span class='ocrx_word' id='word_1_119' title='bbox 954 1692 1019 1732; x_wconf 88' lang='lat' dir='ltr'>eam</span> <span class='ocrx_word' id='word_1_120' title='bbox 1037 1674 1226 1752; x_wconf 87' lang='lat' dir='ltr'>dignitatem,</span> <span class='ocrx_word' id='word_1_121' title='bbox 1248 1679 1281 1738; x_wconf 85' lang='lat' dir='ltr'>in</span> 
     </span>
     <span class='ocr_line' id='line_1_16' title="bbox 181 1773 1281 1851; baseline 0.005 -21"><span class='ocrx_word' id='word_1_122' title='bbox 181 1791 241 1850; x_wconf 90' lang='lat' dir='ltr'>qna</span> <span class='ocrx_word' id='word_1_123' title='bbox 257 1791 379 1849; x_wconf 89' lang='lat' dir='ltr'>regnum</span> <span class='ocrx_word' id='word_1_124' title='bbox 393 1773 551 1850; x_wconf 86' lang='lat' dir='ltr'>Assyrium</span> <span class='ocrx_word' id='word_1_125' title='bbox 568 1773 759 1832; x_wconf 90' lang='lat' dir='ltr'>constitutum</span> <span class='ocrx_word' id='word_1_126' title='bbox 777 1781 855 1846; x_wconf 88' lang='lat' dir='ltr'>erat,</span> <span class='ocrx_word' id='word_1_127' title='bbox 874 1781 904 1833; x_wconf 90' lang='lat' dir='ltr'>et</span> <span class='ocrx_word' id='word_1_128' title='bbox 920 1792 981 1851; x_wconf 91' lang='lat' dir='ltr'>qua</span> <span class='ocrx_word' id='word_1_129' title='bbox 991 1774 1108 1834; x_wconf 88' lang='lat' dir='ltr'>ratione</span> <span class='ocrx_word' id='word_1_130' title='bbox 1119 1795 1183 1835; x_wconf 90' lang='lat' dir='ltr'>cnm</span> <span class='ocrx_word' id='word_1_131' title='bbox 1195 1797 1281 1838; x_wconf 87' lang='lat' dir='ltr'>sacra</span> 
     </span>
     <span class='ocr_line' id='line_1_17' title="bbox 181 1873 1279 1953; baseline 0.006 -22"><span class='ocrx_word' id='word_1_132' title='bbox 181 1879 267 1948; x_wconf 89' lang='lat' dir='ltr'>gente</span> <span class='ocrx_word' id='word_1_133' title='bbox 280 1873 495 1946; x_wconf 86' lang='lat' dir='ltr'>continebatur,</span> <span class='ocrx_word' id='word_1_134' title='bbox 513 1873 615 1949; x_wconf 89' lang='lat' dir='ltr'>paucis</span> <span class='ocrx_word' id='word_1_135' title='bbox 628 1875 885 1951; x_wconf 87' lang='lat' dir='ltr'>perstringendum</span> <span class='ocrx_word' id='word_1_136' title='bbox 898 1873 1030 1947; x_wconf 89' lang='lat' dir='ltr'>videtur,</span> <span class='ocrx_word' id='word_1_137' title='bbox 1048 1894 1177 1953; x_wconf 86' lang='lat' dir='ltr'>quonam</span> <span class='ocrx_word' id='word_1_138' title='bbox 1190 1880 1279 1938; x_wconf 90' lang='lat' dir='ltr'>modo</span> 
     </span>
     <span class='ocr_line' id='line_1_18' title="bbox 180 1973 1279 2051; baseline 0.005 -18"><span class='ocrx_word' id='word_1_139' title='bbox 180 1973 219 2033; x_wconf 89' lang='lat' dir='ltr'>ad</span> <span class='ocrx_word' id='word_1_140' title='bbox 236 1993 382 2033; x_wconf 88' lang='lat' dir='ltr'>summum</span> <span class='ocrx_word' id='word_1_141' title='bbox 398 1973 549 2050; x_wconf 89' lang='lat' dir='ltr'>potentiae</span> <span class='ocrx_word' id='word_1_142' title='bbox 574 1974 721 2032; x_wconf 90' lang='lat' dir='ltr'>cumulum</span> <span class='ocrx_word' id='word_1_143' title='bbox 742 1975 918 2051; x_wconf 87' lang='lat' dir='ltr'>pervenerit.</span> <span class='ocrx_word' id='word_1_144' title='bbox 943 1974 1086 2035; x_wconf 89' lang='lat' dir='ltr'>Videmus</span> <span class='ocrx_word' id='word_1_145' title='bbox 1109 1986 1208 2036; x_wconf 88' lang='lat' dir='ltr'>autem</span> <span class='ocrx_word' id='word_1_146' title='bbox 1231 1997 1279 2038; x_wconf 91' lang='lat' dir='ltr'>res</span> 
     </span>
     <span class='ocr_line' id='line_1_19' title="bbox 180 2074 1279 2152; baseline 0.005 -20"><span class='ocrx_word' id='word_1_147' title='bbox 180 2075 373 2151; x_wconf 86' lang='lat' dir='ltr'>Assyriorum</span> <span class='ocrx_word' id='word_1_148' title='bbox 390 2074 529 2133; x_wconf 89' lang='lat' dir='ltr'>continuo</span> <span class='ocrx_word' id='word_1_149' title='bbox 547 2075 608 2132; x_wconf 86' lang='lat' dir='ltr'>fere</span> <span class='ocrx_word' id='word_1_150' title='bbox 633 2093 792 2152; x_wconf 89' lang='lat' dir='ltr'>progressu</span> <span class='ocrx_word' id='word_1_151' title='bbox 815 2074 932 2152; x_wconf 86' lang='lat' dir='ltr'>augeri,</span> <span class='ocrx_word' id='word_1_152' title='bbox 959 2074 1052 2133; x_wconf 89' lang='lat' dir='ltr'>donec</span> <span class='ocrx_word' id='word_1_153' title='bbox 1072 2074 1216 2136; x_wconf 87' lang='lat' dir='ltr'>Sanherib</span> <span class='ocrx_word' id='word_1_154' title='bbox 1233 2079 1279 2138; x_wconf 87' lang='lat' dir='ltr'>fu-</span> 
     </span>
     <span class='ocr_line' id='line_1_20' title="bbox 178 2174 1277 2251; baseline 0.005 -19"><span class='ocrx_word' id='word_1_155' title='bbox 178 2182 263 2234; x_wconf 89' lang='lat' dir='ltr'>nesta</span> <span class='ocrx_word' id='word_1_156' title='bbox 285 2175 364 2250; x_wconf 91' lang='lat' dir='ltr'>apud</span> <span class='ocrx_word' id='word_1_157' title='bbox 386 2175 598 2251; x_wconf 88' lang='lat' dir='ltr'>Hierosolyma</span> <span class='ocrx_word' id='word_1_158' title='bbox 619 2182 741 2251; x_wconf 88' lang='lat' dir='ltr'>accepta</span> <span class='ocrx_word' id='word_1_159' title='bbox 764 2175 848 2234; x_wconf 88' lang='lat' dir='ltr'>clade</span> <span class='ocrx_word' id='word_1_160' title='bbox 869 2195 889 2234; x_wconf 88' lang='lat' dir='ltr'>a</span> <span class='ocrx_word' id='word_1_161' title='bbox 911 2174 1031 2250; x_wconf 86' lang='lat' dir='ltr'>fastigio</span> <span class='ocrx_word' id='word_1_162' title='bbox 1064 2176 1193 2236; x_wconf 89' lang='lat' dir='ltr'>deiectus</span> <span class='ocrx_word' id='word_1_163' title='bbox 1223 2187 1277 2240; x_wconf 89' lang='lat' dir='ltr'>est.</span> 
     </span>
     <span class='ocr_line' id='line_1_21' title="bbox 179 2274 1276 2351; baseline 0.005 -20"><span class='ocrx_word' id='word_1_164' title='bbox 179 2275 298 2334; x_wconf 88' lang='lat' dir='ltr'>Primus</span> <span class='ocrx_word' id='word_1_165' title='bbox 316 2275 393 2333; x_wconf 89' lang='lat' dir='ltr'>enim</span> <span class='ocrx_word' id='word_1_166' title='bbox 410 2275 567 2347; x_wconf 85' lang='lat' dir='ltr'>Pbulus,</span> <span class='ocrx_word' id='word_1_167' title='bbox 590 2275 771 2333; x_wconf 87' lang='lat' dir='ltr'>Menacbemi</span> <span class='ocrx_word' id='word_1_168' title='bbox 790 2283 822 2334; x_wconf 91' lang='lat' dir='ltr'>ut</span> <span class='ocrx_word' id='word_1_169' title='bbox 838 2275 954 2334; x_wconf 86' lang='lat' dir='ltr'>videtur</span> <span class='ocrx_word' id='word_1_170' title='bbox 969 2274 1126 2335; x_wconf 87' lang='lat' dir='ltr'>lacessitus</span> <span class='ocrx_word' id='word_1_171' title='bbox 1143 2277 1276 2351; x_wconf 81' lang='lat' dir='ltr'>audacia,</span> 
     </span>
     <span class='ocr_line' id='line_1_22' title="bbox 179 2373 1279 2452; baseline 0.005 -20"><span class='ocrx_word' id='word_1_172' title='bbox 179 2374 230 2451; x_wconf 91' lang='lat' dir='ltr'>qui</span> <span class='ocrx_word' id='word_1_173' title='bbox 244 2375 433 2452; x_wconf 83' lang='lat' dir='ltr'>Thapsacum</span> <span class='ocrx_word' id='word_1_174' title='bbox 450 2375 530 2450; x_wconf 90' lang='lat' dir='ltr'>apud</span> <span class='ocrx_word' id='word_1_175' title='bbox 542 2373 725 2449; x_wconf 80' lang='lat' dir='ltr'>Euphratem</span> <span class='ocrx_word' id='word_1_176' title='bbox 739 2376 827 2434; x_wconf 89' lang='lat' dir='ltr'>sitam</span> <span class='ocrx_word' id='word_1_177' title='bbox 839 2373 1054 2452; x_wconf 81' lang='lat' dir='ltr'>expugnavit⁵,</span> <span class='ocrx_word' id='word_1_178' title='bbox 1068 2384 1172 2435; x_wconf 89' lang='lat' dir='ltr'>contra</span> <span class='ocrx_word' id='word_1_179' title='bbox 1184 2377 1279 2438; x_wconf 89' lang='lat' dir='ltr'>lsrae-</span> 
     </span>
     <span class='ocr_line' id='line_1_23' title="bbox 176 2473 1279 2552; baseline 0.006 -21"><span class='ocrx_word' id='word_1_180' title='bbox 176 2475 289 2533; x_wconf 92' lang='lat' dir='ltr'>liticum</span> <span class='ocrx_word' id='word_1_181' title='bbox 307 2493 429 2552; x_wconf 86' lang='lat' dir='ltr'>regnum</span> <span class='ocrx_word' id='word_1_182' title='bbox 447 2475 540 2533; x_wconf 86' lang='lat' dir='ltr'>movit</span> <span class='ocrx_word' id='word_1_183' title='bbox 557 2482 672 2547; x_wconf 90' lang='lat' dir='ltr'>castra,</span> <span class='ocrx_word' id='word_1_184' title='bbox 690 2495 717 2533; x_wconf 92' lang='lat' dir='ltr'>a.</span> <span class='ocrx_word' id='word_1_185' title='bbox 737 2495 760 2533; x_wconf 89' lang='lat' dir='ltr'>c.</span> <span class='ocrx_word' id='word_1_186' title='bbox 778 2479 846 2547; x_wconf 79' lang='lat'>7623</span> <span class='ocrx_word' id='word_1_187' title='bbox 864 2473 951 2534; x_wconf 87' lang='lat' dir='ltr'>donis</span> <span class='ocrx_word' id='word_1_188' title='bbox 968 2483 1067 2533; x_wconf 88' lang='lat' dir='ltr'>tamen</span> <span class='ocrx_word' id='word_1_189' title='bbox 1084 2484 1114 2534; x_wconf 92' lang='lat' dir='ltr'>et</span> <span class='ocrx_word' id='word_1_190' title='bbox 1130 2477 1242 2537; x_wconf 90' lang='lat' dir='ltr'>tributo</span> <span class='ocrx_word' id='word_1_191' title='bbox 1260 2499 1279 2538; x_wconf 89' lang='lat' dir='ltr'>a</span> 
     </span>
     <span class='ocr_line' id='line_1_24' title="bbox 177 2573 1278 2656; baseline 0.005 -22"><span class='ocrx_word' id='word_1_192' title='bbox 177 2576 368 2635; x_wconf 90' lang='lat' dir='ltr'>Menachemo</span> <span class='ocrx_word' id='word_1_193' title='bbox 394 2575 551 2648; x_wconf 86' lang='lat' dir='ltr'>exhibitis,</span> <span class='ocrx_word' id='word_1_194' title='bbox 581 2575 723 2634; x_wconf 89' lang='lat' dir='ltr'>abstinuit</span> <span class='ocrx_word' id='word_1_195' title='bbox 751 2577 788 2634; x_wconf 87' lang='lat' dir='ltr'>ab</span> <span class='ocrx_word' id='word_1_196' title='bbox 824 2573 1022 2656; x_wconf 82' lang='lat' dir='ltr'>expugnanda</span> <span class='ocrx_word' id='word_1_197' title='bbox 1053 2583 1140 2635; x_wconf 91' lang='lat' dir='ltr'>terra.</span> <span class='ocrx_word' id='word_1_198' title='bbox 1167 2577 1278 2639; x_wconf 89' lang='lat' dir='ltr'>Verum</span> 
     </span>
     <span class='ocr_line' id='line_1_25' title="bbox 177 2667 1279 2754; baseline 0.003 -19"><span class='ocrx_word' id='word_1_199' title='bbox 177 2667 318 2754; x_wconf 87' lang='lat' dir='ltr'>quoniam</span> <span class='ocrx_word' id='word_1_200' title='bbox 363 2676 551 2738; x_wconf 85' lang='lat' dir='ltr'>Palaestinae</span> <span class='ocrx_word' id='word_1_201' title='bbox 589 2675 750 2751; x_wconf 87' lang='lat' dir='ltr'>capiendae</span> <span class='ocrx_word' id='word_1_202' title='bbox 785 2675 902 2735; x_wconf 91' lang='lat' dir='ltr'>initium</span> <span class='ocrx_word' id='word_1_203' title='bbox 949 2674 996 2733; x_wconf 86' lang='lat' dir='ltr'>vel</span> <span class='ocrx_word' id='word_1_204' title='bbox 1035 2676 1123 2751; x_wconf 89' lang='lat' dir='ltr'>quasi</span> <span class='ocrx_word' id='word_1_205' title='bbox 1160 2679 1279 2754; x_wconf 89' lang='lat' dir='ltr'>praelu-</span> 
     </span>
     <span class='ocr_line' id='line_1_26' title="bbox 177 2773 1278 2856; baseline 0.002 -22"><span class='ocrx_word' id='word_1_206' title='bbox 177 2777 257 2834; x_wconf 88' lang='lat' dir='ltr'>dium</span> <span class='ocrx_word' id='word_1_207' title='bbox 291 2777 401 2836; x_wconf 87' lang='lat' dir='ltr'>factum</span> <span class='ocrx_word' id='word_1_208' title='bbox 435 2776 605 2849; x_wconf 88' lang='lat' dir='ltr'>videbatur,</span> <span class='ocrx_word' id='word_1_209' title='bbox 640 2775 792 2852; x_wconf 83' lang='lat' dir='ltr'>Tiglath</span> <span class='ocrx_word' id='word_1_210' title='bbox 821 2773 1000 2846; x_wconf 67' lang='lat' dir='ltr'>Piresert</span> <span class='ocrx_word' id='word_1_211' title='bbox 1036 2776 1088 2852; x_wconf 88' lang='lat' dir='ltr'>qui</span> <span class='ocrx_word' id='word_1_212' title='bbox 1124 2778 1278 2856; x_wconf 84' lang='lat' dir='ltr'>regnaudo</span> 
     </span>
    </p>
   </div>
   <div class='ocr_carea' id='block_1_3' title="bbox 175 2951 1280 3852">
    <p class='ocr_par' dir='ltr' id='par_1_4' title="bbox 230 2951 612 3016">
     <span class='ocr_line' id='line_1_27' title="bbox 230 2951 612 3016; baseline -0.01 -14"><span class='ocrx_word' id='word_1_213' title='bbox 230 2955 254 3016; x_wconf 93' lang='lat'>1)</span> <span class='ocrx_word' id='word_1_214' title='bbox 270 2953 323 3002; x_wconf 83' lang='lat' dir='ltr'>Cir.</span> <span class='ocrx_word' id='word_1_215' title='bbox 340 2953 390 3002; x_wconf 81' lang='lat' dir='ltr'>Ias.</span> <span class='ocrx_word' id='word_1_216' title='bbox 408 2951 518 3011; x_wconf 85' lang='lat' dir='ltr'>XXXI,</span> <span class='ocrx_word' id='word_1_217' title='bbox 537 2953 550 2999; x_wconf 92' lang='lat'>1</span> <span class='ocrx_word' id='word_1_218' title='bbox 570 2951 612 2999; x_wconf 88' lang='lat' dir='ltr'>all.</span> 
     </span>
    </p>

    <p class='ocr_par' dir='ltr' id='par_1_5' title="bbox 227 3035 513 3100">
     <span class='ocr_line' id='line_1_28' title="bbox 227 3035 513 3100; baseline -0.003 -15"><span class='ocrx_word' id='word_1_219' title='bbox 227 3037 253 3100; x_wconf 86' lang='grc'>2)</span> <span class='ocrx_word' id='word_1_220' title='bbox 270 3035 322 3085; x_wconf 78' lang='lat' dir='ltr'>Cfr.</span> <span class='ocrx_word' id='word_1_221' title='bbox 339 3035 366 3085; x_wconf 88' lang='lat' dir='ltr'>ll.</span> <span class='ocrx_word' id='word_1_222' title='bbox 384 3049 461 3099; x_wconf 85' lang='lat' dir='ltr'>supra</span> <span class='ocrx_word' id='word_1_223' title='bbox 478 3050 513 3084; x_wconf 85' lang='lat' dir='ltr'>cc.</span> 
     </span>
    </p>

    <p class='ocr_par' dir='ltr' id='par_1_6' title="bbox 227 3115 1278 3183">
     <span class='ocr_line' id='line_1_29' title="bbox 227 3115 1278 3183; baseline -0.001 -14"><span class='ocrx_word' id='word_1_224' title='bbox 227 3120 254 3183; x_wconf 86' lang='grc'>3)</span> <span class='ocrx_word' id='word_1_225' title='bbox 270 3118 323 3170; x_wconf 81' lang='lat' dir='ltr'>cfr.</span> <span class='ocrx_word' id='word_1_226' title='bbox 333 3117 399 3169; x_wconf 83' lang='lat' dir='ltr'>Gen.</span> <span class='ocrx_word' id='word_1_227' title='bbox 411 3119 450 3179; x_wconf 84' lang='lat' dir='ltr'>X,</span> <span class='ocrx_word' id='word_1_228' title='bbox 461 3118 486 3168; x_wconf 84' lang='lat'>9.</span> <span class='ocrx_word' id='word_1_229' title='bbox 504 3115 849 3180; x_wconf 62' lang='lat' dir='ltr'>eramusmaerore,</span> <span class='ocrx_word' id='word_1_230' title='bbox 867 3117 914 3166; x_wconf 86' lang='lat' dir='ltr'>das</span> <span class='ocrx_word' id='word_1_231' title='bbox 927 3121 993 3166; x_wconf 90' lang='lat' dir='ltr'>erste</span> <span class='ocrx_word' id='word_1_232' title='bbox 1006 3115 1079 3166; x_wconf 89' lang='lat' dir='ltr'>Buch</span> <span class='ocrx_word' id='word_1_233' title='bbox 1087 3115 1171 3180; x_wconf 86' lang='lat' dir='ltr'>Mose,</span> <span class='ocrx_word' id='word_1_234' title='bbox 1182 3134 1206 3182; x_wconf 93' lang='lat' dir='ltr'>p.</span> <span class='ocrx_word' id='word_1_235' title='bbox 1221 3119 1278 3170; x_wconf 81' lang='grc'><strong>225.</strong></span> 
     </span>
    </p>

    <p class='ocr_par' dir='ltr' id='par_1_7' title="bbox 226 3181 1128 3266">
     <span class='ocr_line' id='line_1_30' title="bbox 226 3181 1128 3266; baseline -0.002 -14"><span class='ocrx_word' id='word_1_236' title='bbox 226 3205 254 3266; x_wconf 86' lang='lat'>4)</span> <span class='ocrx_word' id='word_1_237' title='bbox 271 3203 323 3254; x_wconf 79' lang='lat' dir='ltr'>cfr.</span> <span class='ocrx_word' id='word_1_238' title='bbox 341 3203 405 3251; x_wconf 75' lang='lat' dir='ltr'>uos.</span> <span class='ocrx_word' id='word_1_239' title='bbox 422 3201 504 3263; x_wconf 86' lang='lat' dir='ltr'>vnr,</span> <span class='ocrx_word' id='word_1_240' title='bbox 523 3203 563 3252; x_wconf 86' lang='lat'>13.</span> <span class='ocrx_word' id='word_1_241' title='bbox 581 3203 635 3264; x_wconf 81' lang='lat' dir='ltr'>rx,</span> <span class='ocrx_word' id='word_1_242' title='bbox 656 3202 679 3252; x_wconf 85' lang='lat' dir='ltr'>a</span> <span class='ocrx_word' id='word_1_243' title='bbox 698 3181 776 3250; x_wconf 73' lang='lat' dir='ltr'>ritca</span> <span class='ocrx_word' id='word_1_244' title='bbox 793 3200 827 3262; x_wconf 89' lang='lat' dir='ltr'>v,</span> <span class='ocrx_word' id='word_1_245' title='bbox 845 3200 869 3250; x_wconf 81' lang='lat'>5.</span> <span class='ocrx_word' id='word_1_246' title='bbox 887 3200 956 3262; x_wconf 89' lang='lat' dir='ltr'>vrr,</span> <span class='ocrx_word' id='word_1_247' title='bbox 974 3202 1015 3250; x_wconf 80' lang='lat'>12.</span> <span class='ocrx_word' id='word_1_248' title='bbox 1034 3201 1066 3250; x_wconf 85' lang='lat'>15</span> <span class='ocrx_word' id='word_1_249' title='bbox 1085 3200 1128 3250; x_wconf 80' lang='lat' dir='ltr'>ur.</span> 
     </span>
    </p>

    <p class='ocr_par' dir='ltr' id='par_1_8' title="bbox 175 3284 1280 3852">
     <span class='ocr_line' id='line_1_31' title="bbox 226 3284 1279 3352; baseline -0.004 -14"><span class='ocrx_word' id='word_1_250' title='bbox 226 3289 253 3352; x_wconf 81' lang='lat'>5)</span> <span class='ocrx_word' id='word_1_251' title='bbox 268 3287 321 3338; x_wconf 80' lang='lat' dir='ltr'>Otr.</span> <span class='ocrx_word' id='word_1_252' title='bbox 340 3287 447 3336; x_wconf 82' lang='lat' dir='ltr'>Krurur</span> <span class='ocrx_word' id='word_1_253' title='bbox 464 3286 498 3335; x_wconf 88' lang='lat' dir='ltr'>ad</span> <span class='ocrx_word' id='word_1_254' title='bbox 516 3285 607 3348; x_wconf 71' lang='lat' dir='ltr'>tReg.</span> <span class='ocrx_word' id='word_1_255' title='bbox 625 3285 686 3346; x_wconf 86' lang='lat' dir='ltr'>XV,</span> <span class='ocrx_word' id='word_1_256' title='bbox 706 3284 746 3334; x_wconf 88' lang='grc'>19.</span> <span class='ocrx_word' id='word_1_257' title='bbox 771 3284 874 3333; x_wconf 86' lang='lat' dir='ltr'>Hoscae</span> <span class='ocrx_word' id='word_1_258' title='bbox 891 3284 977 3334; x_wconf 84' lang='lat' dir='ltr'>verbis</span> <span class='ocrx_word' id='word_1_259' title='bbox 994 3298 1128 3349; x_wconf 87' lang='lat' dir='ltr'>perperam</span> <span class='ocrx_word' id='word_1_260' title='bbox 1145 3285 1279 3334; x_wconf 83' lang='lat' dir='ltr'>intellectis</span> 
     </span>
     <span class='ocr_line' id='line_1_32' title="bbox 176 3367 1280 3434; baseline -0.003 -13"><span class='ocrx_word' id='word_1_261' title='bbox 176 3373 224 3434; x_wconf 87' lang='lat' dir='ltr'>(V,</span> <span class='ocrx_word' id='word_1_262' title='bbox 244 3373 284 3422; x_wconf 83' lang='grc'>13.</span> <span class='ocrx_word' id='word_1_263' title='bbox 307 3371 375 3432; x_wconf 87' lang='lat' dir='ltr'>VII,</span> <span class='ocrx_word' id='word_1_264' title='bbox 395 3373 434 3419; x_wconf 94' lang='lat' dir='ltr'>ll.</span> <span class='ocrx_word' id='word_1_265' title='bbox 459 3370 541 3432; x_wconf 86' lang='lat' dir='ltr'>VIII,</span> <span class='ocrx_word' id='word_1_266' title='bbox 559 3369 591 3430; x_wconf 88' lang='grc'>9)</span> <span class='ocrx_word' id='word_1_267' title='bbox 612 3370 730 3431; x_wconf 82' lang='lat' dir='ltr'>inerunt,</span> <span class='ocrx_word' id='word_1_268' title='bbox 755 3368 799 3431; x_wconf 88' lang='lat' dir='ltr'>qui</span> <span class='ocrx_word' id='word_1_269' title='bbox 822 3376 918 3419; x_wconf 87' lang='lat' dir='ltr'>temere</span> <span class='ocrx_word' id='word_1_270' title='bbox 940 3371 1106 3431; x_wconf 79' lang='lat' dir='ltr'>conticerent,</span> <span class='ocrx_word' id='word_1_271' title='bbox 1130 3367 1239 3418; x_wconf 83' lang='lat' dir='ltr'>Pholum</span> <span class='ocrx_word' id='word_1_272' title='bbox 1265 3383 1280 3418; x_wconf 87' lang='lat' dir='ltr'>a</span> 
     </span>
     <span class='ocr_line' id='line_1_33' title="bbox 175 3452 1279 3517; baseline -0.005 -11"><span class='ocrx_word' id='word_1_273' title='bbox 175 3457 345 3506; x_wconf 89' lang='lat' dir='ltr'>Menachemo</span> <span class='ocrx_word' id='word_1_274' title='bbox 368 3455 520 3504; x_wconf 82' lang='lat' dir='ltr'>advocatum</span> <span class='ocrx_word' id='word_1_275' title='bbox 543 3469 613 3517; x_wconf 82' lang='lat' dir='ltr'>esse3</span> <span class='ocrx_word' id='word_1_276' title='bbox 641 3461 731 3504; x_wconf 88' lang='lat' dir='ltr'>contra</span> <span class='ocrx_word' id='word_1_277' title='bbox 748 3453 844 3516; x_wconf 75' lang='lat' dir='ltr'>quem?</span> <span class='ocrx_word' id='word_1_278' title='bbox 869 3452 997 3504; x_wconf 78' lang='lat' dir='ltr'>affirmare</span> <span class='ocrx_word' id='word_1_279' title='bbox 1021 3468 1074 3504; x_wconf 90' lang='lat' dir='ltr'>non</span> <span class='ocrx_word' id='word_1_280' title='bbox 1097 3454 1191 3502; x_wconf 82' lang='lat' dir='ltr'>valent</span> <span class='ocrx_word' id='word_1_281' title='bbox 1226 3453 1279 3502; x_wconf 82' lang='lat' dir='ltr'>Cir.</span> 
     </span>
     <span class='ocr_line' id='line_1_34' title="bbox 176 3536 1279 3601; baseline -0.004 -12"><span class='ocrx_word' id='word_1_282' title='bbox 176 3541 281 3590; x_wconf 82' lang='lat' dir='ltr'>Hrrrrcn</span> <span class='ocrx_word' id='word_1_283' title='bbox 303 3555 395 3590; x_wconf 90' lang='lat' dir='ltr'>comm.</span> <span class='ocrx_word' id='word_1_284' title='bbox 418 3539 451 3588; x_wconf 87' lang='lat' dir='ltr'>ad</span> <span class='ocrx_word' id='word_1_285' title='bbox 473 3539 536 3588; x_wconf 85' lang='lat' dir='ltr'>Hos.</span> <span class='ocrx_word' id='word_1_286' title='bbox 572 3539 661 3589; x_wconf 81' lang='lat' dir='ltr'>Tnnru</span> <span class='ocrx_word' id='word_1_287' title='bbox 684 3554 775 3588; x_wconf 88' lang='lat' dir='ltr'>comm.</span> <span class='ocrx_word' id='word_1_288' title='bbox 794 3537 828 3587; x_wconf 86' lang='lat' dir='ltr'>ad</span> <span class='ocrx_word' id='word_1_289' title='bbox 845 3536 935 3601; x_wconf 70' lang='lat' dir='ltr'>Ilteg.</span> <span class='ocrx_word' id='word_1_290' title='bbox 953 3539 970 3586; x_wconf 90' lang='grc' dir='ltr'>Ι.</span> <span class='ocrx_word' id='word_1_291' title='bbox 983 3539 1000 3587; x_wconf 92' lang='lat' dir='ltr'>l.</span> <span class='ocrx_word' id='word_1_292' title='bbox 1035 3540 1066 3588; x_wconf 89' lang='lat' dir='ltr'>In</span> <span class='ocrx_word' id='word_1_293' title='bbox 1089 3537 1169 3588; x_wconf 87' lang='lat' dir='ltr'>titulis</span> <span class='ocrx_word' id='word_1_294' title='bbox 1193 3538 1224 3586; x_wconf 84' lang='lat' dir='ltr'>ab</span> <span class='ocrx_word' id='word_1_295' title='bbox 1248 3551 1279 3586; x_wconf 91' lang='lat' dir='ltr'>eo</span> 
     </span>
     <span class='ocr_line' id='line_1_35' title="bbox 175 3621 1278 3690; baseline -0.005 -16"><span class='ocrx_word' id='word_1_296' title='bbox 175 3639 235 3688; x_wconf 85' lang='lat' dir='ltr'>roge</span> <span class='ocrx_word' id='word_1_297' title='bbox 259 3627 301 3688; x_wconf 92' lang='lat' dir='ltr'>qui</span> <span class='ocrx_word' id='word_1_298' title='bbox 325 3630 385 3674; x_wconf 85' lang='lat' dir='ltr'>ante</span> <span class='ocrx_word' id='word_1_299' title='bbox 403 3624 507 3690; x_wconf 81' lang='lat' dir='ltr'>Tiglath</span> <span class='ocrx_word' id='word_1_300' title='bbox 531 3623 671 3673; x_wconf 84' lang='lat' dir='ltr'>Pileserem</span> <span class='ocrx_word' id='word_1_301' title='bbox 695 3623 827 3687; x_wconf 82' lang='lat' dir='ltr'>regnavit,</span> <span class='ocrx_word' id='word_1_302' title='bbox 855 3628 947 3673; x_wconf 87' lang='lat' dir='ltr'>octavo</span> <span class='ocrx_word' id='word_1_303' title='bbox 971 3636 1039 3672; x_wconf 91' lang='lat' dir='ltr'>anno</span> <span class='ocrx_word' id='word_1_304' title='bbox 1060 3621 1130 3681; x_wconf 84' lang='grc'>(762)</span> <span class='ocrx_word' id='word_1_305' title='bbox 1151 3621 1278 3684; x_wconf 80' lang='lat' dir='ltr'>inscriptis</span> 
     </span>
     <span class='ocr_line' id='line_1_36' title="bbox 175 3705 1280 3767; baseline -0.006 -7"><span class='ocrx_word' id='word_1_306' title='bbox 175 3709 336 3760; x_wconf 84' lang='lat' dir='ltr'>Menaohemi</span> <span class='ocrx_word' id='word_1_307' title='bbox 353 3710 509 3760; x_wconf 87' lang='lat' dir='ltr'>mentionem</span> <span class='ocrx_word' id='word_1_308' title='bbox 526 3708 620 3757; x_wconf 80' lang='lat' dir='ltr'>factam</span> <span class='ocrx_word' id='word_1_309' title='bbox 639 3708 751 3757; x_wconf 77' lang='lat' dir='ltr'>affirmat</span> <span class='ocrx_word' id='word_1_310' title='bbox 766 3705 907 3767; x_wconf 71' lang='lat' dir='ltr'>Rumina,</span> <span class='ocrx_word' id='word_1_311' title='bbox 926 3709 1082 3757; x_wconf 83' lang='lat' dir='ltr'>assentiente</span> <span class='ocrx_word' id='word_1_312' title='bbox 1099 3707 1218 3764; x_wconf 82' lang='lat' dir='ltr'>Hmusrc,</span> <span class='ocrx_word' id='word_1_313' title='bbox 1236 3705 1280 3767; x_wconf 88' lang='lat' dir='ltr'>qui</span> 
     </span>
     <span class='ocr_line' id='line_1_37' title="bbox 175 3788 1279 3852; baseline -0.005 -9"><span class='ocrx_word' id='word_1_314' title='bbox 175 3795 254 3844; x_wconf 85' lang='lat' dir='ltr'>verba</span> <span class='ocrx_word' id='word_1_315' title='bbox 264 3795 421 3844; x_wconf 84' lang='lat' dir='ltr'>enucleavit:</span> <span class='ocrx_word' id='word_1_316' title='bbox 433 3791 614 3842; x_wconf 88' lang='lat' dir='ltr'>Minakhimmi</span> <span class='ocrx_word' id='word_1_317' title='bbox 626 3789 806 3852; x_wconf 84' lang='lat' dir='ltr'>Samariuaayi</span> <span class='ocrx_word' id='word_1_318' title='bbox 813 3824 821 3851; x_wconf 91' lang='lat'>,</span> <span class='ocrx_word' id='word_1_319' title='bbox 832 3790 877 3839; x_wconf 83' lang='lat' dir='ltr'>cir.</span> <span class='ocrx_word' id='word_1_320' title='bbox 890 3790 985 3839; x_wconf 84' lang='lat' dir='ltr'>Athen.</span> <span class='ocrx_word' id='word_1_321' title='bbox 997 3790 1080 3839; x_wconf 90' lang='lat' dir='ltr'>Lond.</span> <span class='ocrx_word' id='word_1_322' title='bbox 1094 3789 1174 3848; x_wconf 87' lang='grc'><strong>1852,</strong></span> <span class='ocrx_word' id='word_1_323' title='bbox 1186 3788 1242 3837; x_wconf 81' lang='lat' dir='ltr'>Ian.</span> <span class='ocrx_word' id='word_1_324' title='bbox 1255 3789 1279 3850; x_wconf 84' lang='lat'>3,</span> 
     </span>
    </p>
   </div>
   <div class='ocr_carea' id='block_1_4' title="bbox 87 3872 1279 3943">
    <p class='ocr_par' dir='ltr' id='par_1_9' title="bbox 87 3872 1279 3943">
     <span class='ocr_line' id='line_1_38' title="bbox 87 3872 1279 3943; baseline -0.005 -13"><span class='ocrx_word' id='word_1_325' title='bbox 87 3893 92 3901; x_wconf 90' lang='lat'>·</span> <span class='ocrx_word' id='word_1_326' title='bbox 175 3895 200 3943; x_wconf 92' lang='lat' dir='ltr'>p.</span> <span class='ocrx_word' id='word_1_327' title='bbox 212 3880 253 3930; x_wconf 86' lang='grc'>26.</span> <span class='ocrx_word' id='word_1_328' title='bbox 271 3879 360 3929; x_wconf 75' lang='lat' dir='ltr'>Rawn.</span> <span class='ocrx_word' id='word_1_329' title='bbox 379 3877 496 3928; x_wconf 88' lang='lat' dir='ltr'>Ontlines</span> <span class='ocrx_word' id='word_1_330' title='bbox 512 3893 537 3940; x_wconf 90' lang='lat' dir='ltr'>p.</span> <span class='ocrx_word' id='word_1_331' title='bbox 549 3875 651 3926; x_wconf 85' lang='lat' dir='ltr'>XXVI.</span> <span class='ocrx_word' id='word_1_332' title='bbox 668 3874 772 3923; x_wconf 85' lang='lat' dir='ltr'>Nomen</span> <span class='ocrx_word' id='word_1_333' title='bbox 790 3875 857 3936; x_wconf 80' lang='lat' dir='ltr'>regis</span> <span class='ocrx_word' id='word_1_334' title='bbox 874 3887 999 3936; x_wconf 87' lang='lat' dir='ltr'>nusquam</span> <span class='ocrx_word' id='word_1_335' title='bbox 1016 3872 1157 3922; x_wconf 87' lang='lat' dir='ltr'>luculenter</span> <span class='ocrx_word' id='word_1_336' title='bbox 1175 3885 1279 3936; x_wconf 79' lang='lat' dir='ltr'>expres·</span> 
     </span>
    </p>
   </div>
   <div class='ocr_carea' id='block_1_5' title="bbox 176 3954 1280 4277">
    <p class='ocr_par' dir='ltr' id='par_1_10' title="bbox 176 3954 1278 4024">
     <span class='ocr_line' id='line_1_39' title="bbox 176 3954 1278 4024; baseline -0.007 -11"><span class='ocrx_word' id='word_1_337' title='bbox 176 3979 230 4020; x_wconf 80' lang='lat' dir='ltr'>sum</span> <span class='ocrx_word' id='word_1_338' title='bbox 249 3963 332 4013; x_wconf 90' lang='lat' dir='ltr'>adhuc</span> <span class='ocrx_word' id='word_1_339' title='bbox 349 3963 470 4024; x_wconf 85' lang='lat' dir='ltr'>occurrit,</span> <span class='ocrx_word' id='word_1_340' title='bbox 487 3961 589 4010; x_wconf 88' lang='lat' dir='ltr'>videtur</span> <span class='ocrx_word' id='word_1_341' title='bbox 607 3965 692 4008; x_wconf 86' lang='lat' dir='ltr'>autern</span> <span class='ocrx_word' id='word_1_342' title='bbox 710 3959 778 4009; x_wconf 86' lang='lat' dir='ltr'>idem</span> <span class='ocrx_word' id='word_1_343' title='bbox 791 3958 883 4019; x_wconf 87' lang='lat' dir='ltr'>luisse,</span> <span class='ocrx_word' id='word_1_344' title='bbox 901 3958 970 4021; x_wconf 90' lang='lat' dir='ltr'>quod</span> <span class='ocrx_word' id='word_1_345' title='bbox 983 3955 1169 4020; x_wconf 85' lang='lat' dir='ltr'>Sardanapalo.</span> <span class='ocrx_word' id='word_1_346' title='bbox 1188 3954 1278 4008; x_wconf 70' lang='lat' dir='ltr'>cinib.</span> 
     </span>
    </p>

    <p class='ocr_par' dir='ltr' id='par_1_11' title="bbox 176 4039 1280 4277">
     <span class='ocr_line' id='line_1_40' title="bbox 227 4039 1280 4109; baseline -0.009 -12"><span class='ocrx_word' id='word_1_347' title='bbox 227 4047 253 4109; x_wconf 84' lang='grc'>6)</span> <span class='ocrx_word' id='word_1_348' title='bbox 269 4045 578 4097; x_wconf 76' lang='lat' dir='ltr'>RuwumsourusPhulum</span> <span class='ocrx_word' id='word_1_349' title='bbox 596 4043 689 4092; x_wconf 85' lang='lat' dir='ltr'>veteris</span> <span class='ocrx_word' id='word_1_350' title='bbox 707 4043 841 4105; x_wconf 81' lang='lat' dir='ltr'>dynastiae</span> <span class='ocrx_word' id='word_1_351' title='bbox 859 4048 1000 4092; x_wconf 86' lang='lat' dir='ltr'>extremam</span> <span class='ocrx_word' id='word_1_352' title='bbox 1018 4040 1097 4090; x_wconf 84' lang='lat' dir='ltr'>luisse</span> <span class='ocrx_word' id='word_1_353' title='bbox 1110 4053 1197 4104; x_wconf 81' lang='lat' dir='ltr'>regom</span> <span class='ocrx_word' id='word_1_354' title='bbox 1210 4039 1280 4089; x_wconf 84' lang='lat' dir='ltr'>affir-</span> 
     </span>
     <span class='ocr_line' id='line_1_41' title="bbox 176 4124 1280 4202; baseline -0.008 -22"><span class='ocrx_word' id='word_1_355' title='bbox 176 4139 241 4193; x_wconf 88' lang='lat' dir='ltr'>mat,</span> <span class='ocrx_word' id='word_1_356' title='bbox 261 4139 286 4182; x_wconf 91' lang='lat' dir='ltr'>et</span> <span class='ocrx_word' id='word_1_357' title='bbox 305 4145 373 4180; x_wconf 90' lang='lat' dir='ltr'>anno</span> <span class='ocrx_word' id='word_1_358' title='bbox 391 4130 440 4178; x_wconf 78' lang='lat'>747</span> <span class='ocrx_word' id='word_1_359' title='bbox 460 4128 693 4202; x_wconf 81' lang='lat' dir='ltr'>Salmanassarem,</span> <span class='ocrx_word' id='word_1_360' title='bbox 712 4128 755 4190; x_wconf 90' lang='lat' dir='ltr'>qui</span> <span class='ocrx_word' id='word_1_361' title='bbox 774 4127 859 4190; x_wconf 86' lang='lat' dir='ltr'>aliquo</span> <span class='ocrx_word' id='word_1_362' title='bbox 876 4126 902 4174; x_wconf 89' lang='lat' dir='ltr'>in</span> <span class='ocrx_word' id='word_1_363' title='bbox 921 4125 1017 4189; x_wconf 83' lang='lat' dir='ltr'>palatio</span> <span class='ocrx_word' id='word_1_364' title='bbox 1035 4125 1108 4188; x_wconf 83' lang='lat' dir='ltr'>regio</span> <span class='ocrx_word' id='word_1_365' title='bbox 1124 4124 1280 4188; x_wconf 81' lang='lat' dir='ltr'>fungebatur</span> 
     </span>
     <span class='ocr_line' id='line_1_42' title="bbox 177 4208 1278 4277; baseline -0.011 -11"><span class='ocrx_word' id='word_1_366' title='bbox 177 4229 295 4277; x_wconf 87' lang='lat' dir='ltr'>munere,</span> <span class='ocrx_word' id='word_1_367' title='bbox 322 4213 448 4265; x_wconf 88' lang='lat' dir='ltr'>seditione</span> <span class='ocrx_word' id='word_1_368' title='bbox 471 4218 561 4262; x_wconf 84' lang='lat' dir='ltr'>exorta</span> <span class='ocrx_word' id='word_1_369' title='bbox 583 4226 666 4262; x_wconf 87' lang='lat' dir='ltr'>rerum</span> <span class='ocrx_word' id='word_1_370' title='bbox 685 4213 795 4276; x_wconf 87' lang='lat' dir='ltr'>potitum</span> <span class='ocrx_word' id='word_1_371' title='bbox 812 4224 875 4260; x_wconf 91' lang='lat' dir='ltr'>esse.</span> <span class='ocrx_word' id='word_1_372' title='bbox 910 4208 962 4257; x_wconf 90' lang='lat' dir='ltr'>Diu</span> <span class='ocrx_word' id='word_1_373' title='bbox 979 4209 1048 4258; x_wconf 88' lang='lat' dir='ltr'>enirn</span> <span class='ocrx_word' id='word_1_374' title='bbox 1065 4209 1192 4260; x_wconf 86' lang='lat' dir='ltr'>laborarit</span> <span class='ocrx_word' id='word_1_375' title='bbox 1210 4225 1234 4258; x_wconf 85' lang='lat' dir='ltr'>r.</span> <span class='ocrx_word' id='word_1_376' title='bbox 1253 4208 1278 4255; x_wconf 89' lang='lat' dir='ltr'>d.</span> 
     </span>
    </p>
   </div>
   <div class='ocr_carea' id='block_1_6' title="bbox 0 0 1482 4808">
    <p class='ocr_par' dir='ltr' id='par_1_12' title="bbox 0 0 1482 4808">
     <span class='ocr_line' id='line_1_43' title="bbox 0 0 1482 4808; baseline 0 1"><span class='ocrx_word' id='word_1_377' title='bbox 0 0 1482 4808; x_wconf 95' lang='lat' dir='ltr'> </span> 
     </span>
    </p>
   </div>
  </div>
 </body>
</html>
