2954 4808
212 277 293 322 xvm
577 261 821 322 Paomeonnus.
849 259 922 322 Gar.
940 262 965 320 1.
991 343 992 348 ἵ

281 448 312 526 9)
329 445 397 522 Quo
414 445 543 521 moedit,
562 445 643 524 quod
659 445 808 505 vindictae
826 446 862 504 de
878 445 1014 524 Assyriis
1031 445 1192 506 sumendae
1207 446 1316 506 instru-

212 557 312 608 menta
328 549 411 608 nullo
428 548 518 606 modo
536 566 590 606 nec
606 547 797 606 nominantur
812 566 908 624 neque
930 547 1031 624 aliquo
1053 547 1250 624 indigitantur
1270 546 1315 604 in·

214 635 307 722 dicio:
324 651 382 708 hoc
399 649 496 709 solum
512 649 628 708 videtur
644 648 775 720 moneri,
793 667 853 706 non
870 649 907 707 ab
927 648 1104 726 Aegyptiis¹
1121 648 1233 708 Ninum
1250 648 1316 706 fore

214 769 356 811 eversam.
407 751 449 808 Et
466 769 532 809 oum
549 770 585 808 ea
600 750 663 808 fere
679 749 891 808 consuetudine
908 768 1009 808 omnes
1026 749 1165 827 deinceps
1187 749 1314 825 prophe-

212 861 262 912 tae
279 849 501 925 contineantur,
526 860 559 911 ut
583 869 643 928 quo
666 850 790 927 propius
813 850 913 909 absint
934 852 971 909 ab
990 851 1142 910 eventibus
1160 849 1314 908 vaticinio-

212 971 294 1027 rum,
320 971 356 1011 eo
384 952 551 1012 distinctius
577 961 667 1029 atque
684 951 869 1028 expressius,
894 950 981 1010 sicuti
998 951 1114 1025 omnia,
1140 951 1183 1010 ita
1205 951 1314 1010 instru-

212 1061 313 1113 menta
330 1073 449 1131 quoque
466 1051 585 1112 divinae
599 1052 763 1112 voluntatis
780 1051 965 1126 describant,
988 1071 1049 1110 non
1071 1061 1180 1112 temere
1198 1051 1313 1110 conclu-

211 1157 330 1228 demus,
353 1154 485 1214 Nahumi
509 1155 661 1212 oraculum
685 1153 758 1213 satis
783 1153 832 1211 diu
856 1157 921 1212 esse
946 1153 1129 1212 enuntiatum
1155 1161 1313 1229 antequam

212 1255 350 1314 eveniret.
376 1255 464 1314 Hanc
486 1262 584 1314 autern
606 1255 751 1313 rationem
777 1253 850 1314 satis
873 1271 994 1330 gravem
1017 1255 1105 1330 plane
1122 1254 1315 1331 neglexerunt

207 1357 368 1415 'swanus
392 1365 423 1414 et
439 1353 620 1429 HmzmmS,
644 1356 714 1432 qui,
739 1368 882 1432 quantum
904 1364 1007 1430 posset
1029 1357 1093 1414 fieri
1114 1353 1252 1431 proxime
1275 1353 1313 1410 ab

213 1453 321 1516 eventu
349 1457 561 1527 constiterunt3
593 1475 719 1534 quorum
749 1456 923 1516 sententiam
951 1457 1019 1515 ideo
1048 1466 1167 1532 qnoque
1189 1471 1313 1530 prorsus

211 1558 440 1634 improbandam
458 1576 623 1630 censemus,
648 1557 729 1634 quod
752 1556 898 1615 humanae
920 1557 998 1616 vatis
1021 1557 1110 1615 menti
1135 1564 1225 1632 atque
1242 1554 1313 1613 deli·

212 1657 358 1716 berationi
374 1657 497 1716 nimium
510 1659 657 1730 tribuunt3
675 1659 706 1716 id
724 1658 806 1735 quod
823 1658 973 1733 expressis
989 1659 1122 1716 Ewnum
1138 1656 1237 1716 verbis
1254 1655 1313 1713 illis

213 1760 441 1834 comprobatur,
467 1759 575 1836 quibus
593 1758 822 1834 disputationem
841 1777 925 1819 suam
942 1758 1107 1816 inchoavit:
1130 1756 1199 1829 „die
1216 1755 1313 1822 Weis-

213 1877 329 1936 sagung
341 1877 437 1918 muas
451 1860 542 1918 durch
554 1859 609 1917 den
621 1859 789 1936 Kriegszug
801 1859 964 1934 michtiger
977 1859 1088 1918 Feinde
1101 1875 1193 1934 gagen
1202 1855 1314 1914 Ninive

211 1961 378 2022 varanlasst
395 1959 502 2032 sein;“
521 1979 557 2019 ac
572 1960 643 2018 licet
659 1960 820 2021 addiderit:
838 1959 907 2032 „die
918 1939 1150 2036 Schilderungen
1167 1977 1225 2018 von
1237 1957 1313 2016 Ero-

211 2063 325 2138 bcrung
339 2061 401 2118 und
417 2061 611 2137 Pldnderung
626 2060 765 2120 Nineve’s
783 2060 849 2119 sind
867 2081 958 2134 zvar,
985 2080 1019 2119 so
1037 2061 1094 2118 wie
1111 2060 1154 2120 sie
1170 2059 1234 2118 hier
1251 2067 1314 2116 ent-

209 2162 325 2221 worlen
341 2162 475 2235 werden,
494 2180 560 2221 aus
578 2162 657 2220 rein
675 2160 975 2238 prophetischer
991 2161 1247 2235 Anschauung
1262 2175 1313 2235 ge·

188 2261 347 2322 -llossen“
365 2296 402 2306 -
420 2271 518 2322 tamen
535 2262 582 2335 id,
601 2263 682 2340 quod
699 2263 819 2338 proprie
836 2261 893 2320 dici
910 2261 997 2320 debet
1009 2261 1229 2338 propheticum,
1247 2259 1312 2318 fun-

209 2363 290 2421 ditus
313 2363 445 2437 sustulit,
471 2383 538 2422 cum
561 2372 763 2422 asseveraret:
795 2363 907 2436 „allein
931 2363 1025 2422 soviel
1046 2361 1124 2438 zeigt
1150 2361 1197 2420 die
1219 2379 1312 2437 gance

208 2459 346 2540 Haltung
367 2465 421 2522 der
437 2463 650 2541 Weissagung,
675 2464 745 2525 dass
768 2464 814 2522 ein
838 2463 1003 2522 drohender
1026 2463 1194 2540 Kriegszug
1218 2479 1312 2538 gegen

208 2563 318 2623 Ninive
334 2564 484 2623 bereits
501 2565 541 2622 in
558 2563 931 2641 vollerThutigkeit
946 2583 1036 2638 war,
1055 2565 1126 2624 dass
1139 2564 1186 2622 die
1199 2561 1311 2622 Grenz-

207 2665 365 2740 festungen
387 2666 479 2723 sehon
506 2665 640 2738 Helen,
665 2674 702 2724 ct.
721 2674 776 2737 ct,
799 2665 860 2722 und
886 2685 954 2723 nur
977 2667 1025 2724 die
1049 2669 1122 2737 Art,
1148 2664 1205 2722 wie
1230 2663 1310 2722 diese

208 2765 356 2825 sichtbare
373 2763 488 2824 Gcfahr
504 2765 545 2823 im
562 2766 748 2825 Verhtiltniss
771 2787 808 2824 zu
831 2767 886 2824 den
904 2766 1017 2843 ewigen
1034 2765 1227 2825 Wahrheiten
1245 2764 1309 2822 aul·

207 2867 322 2943 gafasst
343 2865 436 2938 wird,
467 2867 507 2924 ist
537 2866 591 2926 das
616 2867 771 2943 cigentlich
793 2867 1039 2943 Prophetische.“
1072 2867 1155 2942 Ergo
1179 2864 1311 2924 Nahumi

207 2967 377 3026 vaticinium
404 2985 464 3025 non
488 2967 604 3026 videtur
628 2987 646 3026 a
668 2968 783 3028 visione
807 2968 998 3044 repetendum
1023 2967 1164 3026 divinitus
1181 2965 1312 3026 excitata

206 3053 297 3144 atque
313 3068 467 3127 moderata
479 3066 547 3144 (cfr.
565 3070 597 3143 I,
617 3074 630 3126 1
658 3081 732 3145 trra
763 3065 853 3149 rao),
872 3069 924 3127 sed
942 3068 1014 3127 nihil
1032 3076 1078 3129 est
1095 3087 1185 3145 quam
1197 3101 1234 3110 -—
1247 3083 1311 3126 car·

206 3187 273 3228 men
290 3168 481 3228 didacticum!
499 3203 535 3212 -
694 3235 697 3242 Δ

256 3269 321 3327 Iam
350 3287 420 3328 vero
452 3269 595 3345 temporis
624 3269 740 3328 notatio
764 3269 833 3342 illa,
865 3289 954 3347 quam
977 3269 1066 3328 modo
1091 3269 1310 3346 indagavimus,

206 3377 390 3446 quantopere
406 3389 472 3428 cum
489 3369 628 3428 universa
643 3369 776 3428 vaticinii
793 3370 892 3429 indole
906 3371 1060 3443 concinat,
1085 3370 1239 3429 confestim
1258 3389 1310 3446 ap·

205 3469 337 3546 parebit,
355 3470 407 3528 ubi
424 3489 521 3528 rerum
532 3469 720 3529 Iudaicarum
737 3477 851 3530 statum
864 3481 954 3548 atque
971 3470 1170 3532 conditionem
1188 3471 1310 3548 diligen·

205 3571 264 3632 tius
282 3570 533 3647 descripserimus.

256 3763 282 3825 1)
305 3763 454 3814 Thebarum
471 3764 643 3828 expugnatio,
665 3763 869 3827 111,v.s-1o
891 3771 1104 3828 commemorata,
1128 3765 1161 3816 ad
1185 3764 1309 3829 indagan-

204 3848 265 3901 dam
276 3848 391 3898 Nahumi
408 3853 522 3898 aetatem
538 3846 603 3897 nihil
619 3848 747 3912 pertinere
764 3857 863 3914 potest;
882 3852 961 3900 missa
973 3851 1041 3900 enim
1053 3853 1221 3916 interpretum
1233 3851 1309 3914 longe

203 3933 370 3998 plurimomm
388 3933 522 3998 opinione,
540 3946 593 3982 non
610 3939 797 3996 praetersctam
815 3936 927 4000 aliquam
945 3934 1032 3986 afferri
1048 3937 1160 3999 cladem,
1179 3936 1224 3986 sed
1236 3949 1309 4000 prae·

203 4017 253 4069 dici
270 4017 383 4068 futuram
400 4017 590 4081 existimamus3
608 4016 635 4065 id
653 4018 722 4080 quod
740 4019 873 4068 luculentis
892 4020 1048 4084 argumentis
1066 4019 1245 4084 comprobasse
1262 4033 1308 4067 no-

202 4101 241 4150 his
258 4101 375 4152 videmur
393 4119 416 4167 p.
427 4105 564 4154 :ts-102.

653 4273 853 4284 μην-...-
