2954 4808
210 223 307 266 xxxvr
558 204 803 262 Pnouacounrm.
829 201 901 260 One.
920 201 959 258 11.

212 391 344 450 Primum
363 389 439 446 enim
457 386 588 465 quinque
601 387 745 464 Assyriae
762 383 1063 460 literaturae'speoles
1080 383 1310 460 distinguuntur,

213 509 372 550 cuneorum
384 489 598 564 compositione
608 489 756 547 diversae:
771 487 897 564 assyria,
907 485 1126 562 simplicissima
1137 485 1199 558 illa,
1213 487 1313 544 medo·

213 591 345 668 assyria,
363 589 543 666 babylonica
559 589 690 648 maxirhe
706 589 861 664 impedita,
886 586 1313 662 achemeniam-babylonica,

214 701 364 769 postremo
382 690 526 767 elymaica
533 711 541 762 3
565 691 672 768 quibus
695 699 792 748 tamen
816 688 952 747 omnibus
970 688 1091 745 eandem
1115 687 1241 762 exprimi
1256 687 1314 744 lin·

214 811 301 870 guam
320 791 507 862 existimant,
526 791 718 850 dialectorum
735 789 938 849 tantummodo
957 788 1128 846 diversitate
1138 787 1285 846 variatam
1294 787 1312 844 ¹.

214 892 402 954 Gravissima
419 901 516 950 autem
534 893 679 951 dissensio
697 900 743 950 est
760 891 796 948 de
813 890 965 966 signorum
981 896 1130 964 potestate
1136 909 1144 960 ;
1164 888 1316 965 quaeritur

214 995 306 1065 enim,
325 1001 422 1051 utrum
441 1012 523 1052 suam
541 1011 675 1071 quaeque
692 992 861 1067 exprimant
878 990 1028 1048 notionem
1047 997 1076 1048 51
1092 989 1313 1066 cogitationem,

215 1115 254 1154 an
271 1094 404 1170 syllabas
419 1093 566 1169 integras,
590 1113 629 1152 an
646 1093 747 1152 literas
765 1100 896 1165 tantum,
921 1099 1117 1150 consonantes
1140 1098 1171 1148 et
1187 1089 1316 1148 vocales.
1374 1151 1375 1156 ,

215 1197 316 1272 Atque
332 1194 464 1270 aliquam
481 1195 598 1270 quidem
616 1194 767 1270 signorum
785 1201 900 1270 partem
918 1209 983 1250 esse
1004 1190 1260 1267 ideographicam,
1282 1199 1316 1247 ut

215 1297 312 1367 aiunt,
330 1296 443 1371 primus
459 1295 614 1370 perspexit
629 1295 781 1353 Hrmrsrus
791 1293 816 1366 ’ς
832 1294 919 1352 simul
936 1301 1033 1351 autem
1046 1291 1200 1367 permultis
1213 1291 1315 1367 figuris

216 1396 348 1473 syllabas
373 1396 524 1453 contendit
548 1395 742 1472 significari⁸;
772 1396 803 1453 in
824 1403 951 1470 utroque
972 1393 1201 1452 consentientem
1227 1392 1317 1449 habet

215 1496 388 1568 leunvs,
417 1495 469 1572 qui
486 1505 584 1554 tamen
601 1497 631 1553 in
650 1515 685 1554 eo
702 1515 763 1554 non
780 1496 942 1573 acquievit,
960 1513 1061 1553 verum
1079 1493 1211 1570 singulas
1229 1493 1317 1550 etiam

216 1597 344 1672 exprimi
360 1597 462 1654 literas
480 1597 645 1668 existimat,
663 1599 706 1656 ita
723 1606 756 1655 ut
773 1596 979 1673 antiquissima
992 1608 1133 1653 crueatae
1145 1592 1317 1669 scriptionis

140 1733 144 1740 -
216 1698 352 1772 exempla
370 1697 505 1756 notiones
523 1717 577 1773 per
592 1699 753 1773 figurarum
770 1697 976 1758 similitudines
991 1695 1145 1755 videantur
1160 1695 1317 1764 indicasse,

196 1813 198 1818 ·
217 1798 321 1856 deinde
339 1797 471 1874 syllabas
489 1806 602 1856 tantum
620 1807 650 1856 et
665 1809 816 1874 postremo
834 1798 947 1874 primas
959 1815 1094 1874 quasque
1108 1797 1214 1854 harum
1227 1793 1317 1870 sylla-

217 1900 321 1956 barum
333 1898 435 1957 literas
450 1899 539 1958 solas.
551 1899 600 1956 Ad
615 1900 736 1958 eandem
749 1899 922 1959 sententiam
935 1906 1131 1975 pervenerunt
1142 1913 1185 1954 55
1197 1894 1318 1955 815551

217 2010 246 2058 51
264 1998 496 2072 Gnorarmvo.⁴,
515 2001 741 2059 assentientibus
755 2001 861 2059 Borrs
876 2008 904 2057 et
917 1999 1195 2057 Lonwcnsrcmvro.
1213 1996 1318 2054 Dirce-

215 2175 415 2186 Μ

216 2309 241 2358 p.
255 2297 269 2344 5
283 2310 331 2356 sa,
350 2293 419 2343 aliud
438 2294 580 2356 posteriore
598 2300 682 2342 aetate
700 2295 829 2344 invenitur
846 2295 989 2354 cursivum,
1005 2271 1073 2353 non,
1089 2298 1118 2341 ut
1132 2290 1195 2340 illud
1207 2289 1319 2354 quidem,

216 2395 233 2428 5
250 2381 353 2428 sinistra
376 2378 410 2427 ad
433 2378 581 2439 dexteram,
611 2393 698 2428 verum
722 2393 738 2427 a
759 2379 868 2428 dextera
892 2379 925 2428 ad
947 2380 1076 2428 sinistram
1100 2382 1244 2435 exaratum,
1268 2389 1318 2436 quo

216 2464 336 2524 privatim
359 2463 399 2510 usi
422 2461 501 2510 fuisse
518 2463 650 2522 videntur,
672 2463 817 2514 Phoeniciis
840 2465 921 2512 literis
939 2462 1008 2511 haud
1031 2462 1167 2522 dissimilc;
1191 2461 1236 2509 cfr.
1255 2459 1317 2508 IAr.

216 2561 241 2608 p.
255 2548 303 2596 275
317 2561 350 2596 ss.
368 2545 420 2608 (11,
437 2559 462 2606 p.
477 2546 526 2594 164
538 2549 589 2610 sa).
625 2549 697 2597 Idem
720 2565 800 2612 genus
823 2551 849 2597 in
873 2549 942 2597 vasis
965 2547 1117 2610 quibusdam
1138 2545 1258 2595 fictilibus
1280 2545 1319 2592 in·

217 2633 337 2695 scriptum
361 2636 526 2694 putaverunt,
549 2647 613 2694 qnae
636 2639 737 2696 reperta
760 2635 787 2682 in
809 2633 873 2682 Nini
902 2633 982 2682 ruinis
1000 2633 1146 2681 Londinum
1168 2631 1268 2695 perlate
1290 2630 1319 2677 in

217 2715 309 2764 Museo
327 2714 476 2763 Britannico
501 2723 615 2778 exstant;
638 2724 665 2766 51
682 2719 741 2766 11551
758 2719 802 2766 vix
819 2717 906 2780 aliqua
922 2717 1003 2767 verba
1019 2718 1094 2781 plane
1113 2718 1163 2765 sint
1178 2715 1319 2773 enucleata,

218 2799 326 2862 perspici
337 2805 429 2876 (tamen
448 2799 531 2848 adhuc
548 2803 642 2864 potuit,
661 2802 695 2851 ad
714 2803 873 2852 chaldaicum
891 2815 1035 2852 sermonem
1054 2817 1086 2852 ea
1102 2801 1238 2852 referenda
1254 2813 1318 2848 esee.

218 2884 262 2932 cfr.
280 2882 442 2932 Athenaeum
460 2884 541 2933 Lond.
561 2885 643 2947 1851,
660 2885 711 2935 Νο.
725 2889 799 2938 1348.

270 2965 294 3027 1)
313 2967 365 3017 011.
383 2967 481 3016 Β515111
498 2969 544 3016 1.1,
563 2984 587 3032 p.
601 2969 755 3020 350-356.

269 3050 294 3112 2)
311 3051 365 3101 Cir.
385 3051 545 3102 Athenaeum
562 3053 644 3103 Lond.
664 3055 743 3104 1850.
761 3070 784 3118 p.
798 3055 855 3104 555.
874 3070 916 3118 qq.

269 3133 295 3195 3)
313 3134 365 3184 Cfr.
382 3135 443 3184 ibid.
461 3153 485 3200 p.
501 3139 558 3187 908.
588 3139 677 3188 Hmns.
695 3153 823 3202 nunquam
842 3140 955 3202 singulas
972 3139 1164 3208 literes'cuneis
1182 3138 1318 3200 significari

217 3218 355 3268 existimat.
849 3239 851 3242 ·
1019 3215 1020 3219 ’

267 3300 293 3363 4)
311 3302 364 3352 Gir.
381 3303 508 3356 Rewmrs.
526 3308 668 3358 Comment.
687 3323 721 3358 on
739 3307 782 3356 the
800 3308 994 3360 05551115551.
1012 3325 1036 3372 p.
1048 3309 1110 3358 455.
1127 3309 1240 3358 Memoir
1255 3323 1280 3372 p.
1293 3309 1317 3356 4.

217 3387 261 3436 511.
281 3386 442 3442 Athenaeum
461 3391 540 3452 1850,
558 3408 582 3454 p.
595 3393 653 3442 908.
683 3391 782 3442 Borom
798 3395 846 3443 1.1.
865 3410 888 3457 p.
901 3393 952 3442 374
963 3407 996 3440 ss.
1021 3392 1149 3442 lenm.
1167 3394 1194 3442 in
1212 3393 1319 3456 epistola

217 3485 240 3521 5.
254 3471 278 3519 d.
297 3471 363 3525 Vm
380 3473 434 3522 Cal.
453 3473 556 3525 Octobr.
581 3479 641 3526 anni
666 3477 796 3540 praeteriti
812 3475 876 3527 Nini
896 3477 1035 3540 perscripta
1052 3477 1106 3539 (cfr.
1126 3477 1221 3527 Athen.
1242 3478 1317 3537 1852,

216 3555 267 3606 No.
281 3556 355 3605 1311.
373 3558 490 3620 151362)
508 3568 637 3609 asseverat
655 3561 728 3622 „that
750 3563 793 3611 the
816 3576 862 3610 515
885 3561 914 3611 51
929 3560 1097 3610 Nabonassar
1114 3562 1201 3612 marks
1218 3561 1261 3610 the
1279 3562 1318 3610 in·

216 3641 362 3691 troduotiou
380 3642 410 3691 oi
423 3643 550 3706 Assyriam
568 3645 672 3707 writing
693 3647 748 3696 into
766 3645 923 3708 Babylonia,
946 3647 1033 3697 where
1058 3663 1074 3697 a
1098 3647 1162 3698 kind
1184 3647 1214 3695 of
1233 3646 1317 3694 hiero-

216 3725 319 3789 glyphic
336 3727 397 3787 only
414 3739 468 3774 was
486 3729 630 3792 previously
647 3730 673 3777 in
691 3745 744 3779 use.
779 3731 819 3780 He
837 3732 945 3795 thought
968 3733 1000 3782 he
1017 3732 1069 3780 had
1086 3732 1166 3781 found
1187 3730 1318 3789 evidence,

119 3879 120 3887 ἵ
216 3811 272 3860 1551
289 3812 332 3861 155
350 3810 524 3873 hieroglyphic
542 3813 645 3878 writing
663 3813 714 3864 had
731 3815 797 3865 5555
813 3816 913 3866 carried
930 3824 956 3866 to
969 3817 1079 3880 Assyria
1095 3817 1123 3866 X
1140 3831 1170 3866 or
1186 3816 1242 3865 XII
1259 3830 1317 3864 555-

215 3894 294 3944 curies
312 3895 400 3945 before
417 3895 461 3943 the
479 3891 609 3946 Chiistian
627 3912 683 3958 515,
707 3899 852 3964 improved,
869 3901 941 3951 there
959 3901 1034 3952 made
1054 3901 1173 3964 partially
1190 3900 1316 3963 phocatis,

216 3976 267 4026 and
284 3978 439 4043 reimported
456 3981 483 4028 in
499 3981 533 4030 its
551 3981 649 4030 altered
667 3983 744 4048 shcpe
763 3984 849 4033 51155
867 3986 945 4050 cpoch
964 3985 1133 4038 mentioned.“
1170 3984 1252 4034 Porro
1270 3984 1316 4032 511·

216 4069 279 4124 quot
296 4064 382 4112 attulit
399 4064 530 4128 exempla,
552 4065 642 4129 quibos
666 4067 885 4118 demonstraretur
907 4070 1036 4133 quomodo
1060 4071 1133 4121 cunei
1150 4069 1282 4132 paullatim
1301 4083 1317 4118 5

215 4146 348 4194 notionum
372 4147 515 4210 significatu
537 4148 571 4198 ed
594 4150 706 4213 syllabas
729 4157 755 4199 51
776 4152 865 4202 literas
888 4155 1064 4206 transformati
1092 4163 1185 4206 essent.
1209 4179 1241 4192 -
1270 4154 1315 4204 511.

215 4228 374 4280 (1115111555.
394 4231 435 4280 die
453 4233 730 4285 Tribntverzeichnisse
748 4242 780 4284 ct.
799 4253 822 4299 p.
839 4239 878 4287 14.
