2954 4784
621 213 695 302 cla
708 217 765 291 111,
783 237 811 277 v.
828 223 869 277 rr.
1226 213 1295 284 123

193 395 348 475 „leaders,
375 400 525 477 coptains,
549 400 608 458 and
630 419 698 459 men
722 402 757 459 of
771 407 874 474 war‚“
899 401 962 461 sire
986 401 1143 478 „superior
1169 403 1297 476 officere,

194 501 345 578 nuptuire,
370 502 429 560 and
446 500 572 577 fighting
588 505 681 560 men“
692 501 710 574 ¹,
736 522 752 560 e
770 503 877 579 quibus
895 503 971 561 duae
988 502 1095 561 ducum
1112 501 1225 578 species
1242 523 1297 562 no·

194 611 257 661 stra
274 601 404 661 fortasse
420 603 511 660 verba
529 601 654 660 reddunt
660 623 669 673 3
693 603 774 679 quod
793 611 889 662 utrum
904 605 998 679 probe
1015 603 1225 664 coniecerimns
1243 623 1298 662 nec

193 721 246 774 ne,
271 702 388 760 futurae
404 701 574 778 scriptionis
591 702 737 778 Assyriae
757 703 942 781 indagationi
965 703 1183 763 committimus.
1211 703 1297 763 Cete-

193 821 260 860 rum
277 801 422 861 eiusmodi
447 803 552 862 ducum
578 823 732 862 numerum
753 805 848 878 probe
870 822 961 879 posse
977 805 1099 863 locustis
1117 804 1296 880 comparari,

195 922 229 960 eo
248 903 454 976 confirmetur,
479 903 560 980 quod
586 921 641 961 rex
664 904 715 981 qui
736 903 832 964 fastos
858 923 928 964 euos
952 905 1100 981 expressit
1116 904 1147 962 in
1165 905 1296 965 obelisco

194 1001 400 1076 Nimrudensi‚
425 1003 573 1062 edericta
590 1004 690 1081 aliqua
707 1011 808 1081 gente,
832 1024 908 1082 quae
926 1005 968 1064 cis
985 1006 1168 1080 Euphratem
1185 1006 1296 1064 incole-

194 1103 263 1176 bat,
287 1103 421 1178 captivos
446 1104 608 1163 abduxisse
631 1105 777 1181 gloriatur
800 1108 917 1178 ‚,13‚000
941 1105 976 1163 of
997 1105 1044 1165 his
1069 1106 1196 1183 fighting
1218 1125 1296 1178 men,

196 1207 259 1260 1121
275 1203 366 1262 cibis
384 1203 534 1279 capnios,
553 1205 611 1262 and
624 1209 675 1263 460
688 1205 823 1281 superior
840 1204 998 1264 officers“²
1004 1227 1012 1278 3
1031 1225 1066 1264 ac
1083 1206 1151 1265 licet
1168 1225 1297 1283 exagge-

194 1303 253 1361 rati
269 1303 385 1379 possint
401 1305 514 1362 nurneri
530 1323 596 1364 esse
613 1324 709 1382 neque
730 1307 762 1363 in
785 1307 861 1365 hanc
877 1306 1042 1366 versionem
1064 1306 1221 1364 iurandum
1245 1307 1298 1364 ed-

193 1403 252 1461 huc
268 1404 417 1476 videatur,
442 1405 562 1482 assequi
586 1414 684 1465 temen
706 1405 794 1464 facile
810 1407 957 1478 volemus,
984 1406 1009 1465 si
1031 1407 1170 1482 permulti
1195 1425 1297 1464 eorum

193 1503 225 1561 in
242 1503 356 1562 minore
379 1504 481 1581 alique
501 1515 588 1583 gente
610 1508 743 1580 fuerunt,
762 1515 836 1583 quot
857 1507 970 1583 ingenti
994 1507 1119 1583 imperio
1143 1507 1297 1566 debuerint

194 1604 352 1663 contineril
907 1609 911 1622 ‘

244 1702 402 1780 Utcunque
424 1713 484 1778 est,
508 1707 582 1764 haec
608 1707 724 1765 notatio
754 1707 836 1766 vocis
854 1707 1043 1783 simplicitate
1067 1714 1097 1766 et
1118 1707 1182 1766 veri
1199 1705 1297 1782 specie

194 1821 375 1881 magnopere
396 1806 617 1864 commendatur
638 1827 711 1883 pree
740 1827 841 1866 eorum
870 1809 1063 1880 coniecturis,
1095 1808 1146 1885 qui
1176 1808 1297 1866 arabica

192 1907 285 1964 verbo
301 1905 410 1964 similia
426 1907 646 1966 advocaverunt
662 1908 701 1966 nd
717 1909 928 1984 praestandum
952 1909 1110 1981 auxilium3
1138 1909 1181 1968 sic
1204 1910 1296 1981 fuere,
1382 1953 1385 1967 ,

193 2005 245 2083 qui
262 1995 437 2064 'conferrent
448 1993 549 2098 pm
572 2008 716 2080 monitor3
740 2009 888 2068 Hrrzroro
919 2027 1038 2086 quoque
1068 2009 1185 2067 videtur
1209 2028 1297 2082 „ver-

193 2105 337 2164 muthlich
361 2107 427 2166 dem
450 2107 624 2167 arabischen
646 2110 853 2186 abgeborgt,“
884 2117 974 2185 atque
1003 2108 1188 2166 referendum
1211 2109 1250 2167 ad
1273 2109 1296 2168 f.

183 2205 267 2295 βω
295 2226 323 2266 a.
341 2227 369 2265 v.
390 2219 456 2298 μ,
482 2207 622 2280 diffusus3
656 2209 782 2286 denique
805 2209 977 2268 Mnununus
999 2207 1085 2266 HW.
1110 2203 1254 2268 Nachtrr.¹
1279 2229 1296 2266 e

193 2306 302 2366 collato
323 2315 425 2397 μω
461 2307 624 2385 equitatum
654 2317 766 2367 turmas
789 2309 893 2368 elicere
916 2308 973 2368 sibi
995 2308 1120 2367 videtur.
1144 2307 1297 2368 -Lxx

192 2407 274 2465 nullo
292 2407 379 2467 nobis
397 2409 566 2467 adiumento
584 2416 668 2481 sunt,
687 2409 738 2486 qui
749 2410 792 2468 sic
804 2410 994 2468 reddiderunt
1004 2427 1137 2474 versum:
1153 2399 1296 2490 ἐξήλατο

194 2495 239 2578 ὡς
265 2494 449 2585 ἀττέλαβος
468 2497 487 2569 ὁ
509 2497 691 2584 συμμικτός
712 2523 792 2582 σου,
821 2499 866 2580 ὥς
894 2497 992 2590 duple
1013 2496 1216 2588 ἓμβεβηκυῖα
1238 2500 1298 2568 ἐπὶ

194 2599 349 2687 φραγμὸν
369 2601 404 2668 ἐν
426 2597 535 2690 ἡμέρᾳ
557 2597 686 2687 πάγους
708 2604 796 2682 κτλ.,·
815 2627 892 2687 quos
910 2617 1027 2668 secutus
1040 2607 1191 2668 Humum:
1210 2610 1297 2683 „rul-

193 2724 248 2783 gus
265 2705 397 2782 ignobile
413 2715 443 2767 et
459 2708 496 2766 de
513 2708 637 2768 diversis
654 2709 835 2785 gentibua;“
861 2709 924 2788 qui·
936 2709 1035 2769 nescio
1053 2729 1092 2768 an
1110 2711 1298 2770 confuderint

193 2822 295 2868 omno
314 2825 380 2866 cum
396 2821 521 2880 urimo,
539 2808 712 2884 peregrinis.

243 2907 291 2965 De
308 2907 403 2967 ultera
418 2927 491 2968 voce
508 2909 690 2966 coniiciendo
707 2909 813 2967 elicere
829 2908 942 2986 aliquid
957 2926 1117 2984 possumus
1136 2927 1152 2967 e
1169 2929 1218 2968 vv.
1236 2909 1294 2969 Ier.

192 3007 251 3081 LI,
270 3011 319 3081 27,
342 3009 394 3067 ubi
419 3017 620 3068 convocantur
644 3009 683 3068 ad
705 3010 893 3069 evertendam
911 3009 1051 3068 Babelem
1074 3026 1167 3085 regna
1183 3011 1296 3069 Ararat

193 3117 248 3182 ct,
276 3107 429 3168 Medorum
454 3129 554 3186 reges,
585 3118 738 3186 satrapes,
769 3110 911 3186 praefecti
934 3109 1004 3181 all,
1028 3117 1118 3186 atque
1142 3109 1294 3170 intereos

193 3225 297 3299 'tuum
320 3230 359 3268 ex
376 3229 436 3288 quo
454 3211 662 3270 sententiarum
681 3230 760 3269 nexu
777 3211 904 3286 primum
922 3210 1038 3268 videtur
1054 3217 1171 3285 patere,
1190 3210 1296 3268 ducum

192 3319 245 3369 eut
262 3311 476 3387 praefectorum
495 3312 624 3388 aliquam
644 3311 770 3387 speciem
783 3311 907 3369 indicari
921 3312 1027 3382 verbo;
1045 3319 1108 3368 tum
1123 3330 1210 3384 vero,
1228 3331 1294 3369 cum

192 3410 234 3468 ibi
252 3431 372 3490 quoque
388 3412 569 3471 locustarum
586 3411 782 3470 constituatur
807 3411 968 3471 similitudo
986 3412 1181 3488 („ascendere
1206 3411 1296 3472 facite

192 3531 285 3588 equos
302 3513 397 3572 instar
412 3512 547 3571 linctoris
570 3511 731 3590 atrocis“),
758 3512 821 3570 veri
847 3524 892 3571 est
917 3512 1114 3585 simillimum,
1140 3511 1294 3570 Ieremiam

193 3612 232 3670 ed
248 3622 383 3672 nostrum
405 3613 502 3671 locum
525 3612 701 3689 respexisse.
725 3612 860 3671 Maxima
883 3621 981 3671 autem
1008 3613 1199 3687 interpretum
1223 3632 1295 3688 pars
1380 3665 1383 3680 ,

192 3713 268 3771 bene
285 3712 457 3788 opinantur,
483 3713 642 3790 Assyriam
665 3732 730 3772 esse
753 3731 872 3786 vocem,
899 3731 995 3788 neque
1019 3729 1090 3769 vero
1108 3712 1295 3785 Hebraeam3

192 3831 247 3871 nec
262 3813 345 3889 longi
362 3813 475 3874 esseio
493 3814 698 3874 enumerandis
711 3833 759 3872 vv.
774 3813 823 3873 dd.
842 3812 1015 3872 commentis
1033 3812 1185 3884 volumus3
1203 3822 1295 3872 teme·

244 4072 270 4134 l)
288 4073 340 4123 Gir.
357 4072 511 4124 Rcuuusor
529 4072 711 4137 Commentary
729 4087 763 4122 on
781 4071 825 4123 the
843 4072 908 4124 Onu.
920 4073 999 4126 Inscr.
1018 4090 1043 4139 p.
1054 4074 1096 4124 35.
1106 4073 1148 4125 39.
1157 4073 1199 4125 40.
1209 4075 1242 4125 41
1252 4075 1294 4125 ull

193 4157 317 4220 Assyriae
334 4172 410 4208 voces
427 4157 542 4207 nondum
558 4157 652 4220 publici
669 4158 730 4208 iuris
749 4158 834 4210 factae
851 4165 917 4210 eunt.

244 4239 271 4300 2)
288 4241 340 4292 Cir.
360 4241 520 4324 Rnwcueor.
539 4243 555 4292 l.
569 4242 585 4291 l.
604 4258 628 4305 p.
640 4244 682 4293 41.
