2954 4808
95 329 100 340 ,
186 285 238 326 mv
547 262 791 318 Puonnconunn.
815 256 888 316 Car.
907 257 945 313 11.

194 449 347 524 utriusque
363 444 493 502 maxime
510 444 647 518 deinceps
663 441 821 514 intererat,
840 449 872 499 ut
889 439 1092 498 Palaestinam
1111 440 1157 498 vel
1175 440 1299 499 foedere

195 549 251 610 sihi
275 545 447 605 adstrictam
473 545 521 601 vel
548 543 709 603 subiectam
734 543 856 601 haberet
879 539 1013 617 imperio.
1049 541 1189 614 Accedit,
1217 541 1298 618 quod

195 657 320 724 utraque
353 663 425 722 gens
458 643 589 704 universi
623 641 842 720 quodammodo
877 640 992 719 generis
1033 641 1154 699 humani
1197 641 1226 698 in
1267 659 1299 699 se

138 805 140 810 .
196 749 319 826 gerebat
334 741 507 822 imaginem,
526 742 657 804 Semitici
682 744 797 819 generis
823 750 852 800 et
872 739 1040 818 Iaphetitici
1064 741 1152 800 simul
1177 749 1207 799 et
1234 740 1298 797 Ha·
1371 759 1374 769 ¹

197 847 305 920 minoi,
330 844 473 922 Aegyptii
503 853 601 904 autem
637 843 676 901 ad
709 843 891 902 Hamiticam
924 839 1111 918 potissimum
1144 840 1299 911 familiam,

198 946 318 1024 Assyrii
346 946 385 1004 ad
419 943 588 1004 Semiticam
621 943 809 1020 pertinebant
818 943 836 1001 ¹.
892 941 934 1000 Et
975 959 1041 999 cum
1080 941 1300 1018 Aegyptiarum

200 1064 324 1124 regnum
341 1045 469 1121 primum
487 1053 580 1117 esset,
598 1044 681 1102 cuius
698 1043 829 1119 expositi
847 1041 970 1101 arbitrio
987 1042 1142 1100 Israelitae
1159 1040 1301 1101 secularis

200 1147 319 1206 omnino
342 1145 500 1221 potestatis
523 1143 751 1221 experiebantur
773 1151 925 1214 naturam,
948 1141 1072 1200 alterum
1095 1149 1193 1200 autem
1210 1141 1301 1218 idque

200 1245 410 1326 gravissImum
427 1245 601 1321 Assyrium,
625 1243 766 1321 quoniam
790 1241 974 1320 sequentium
997 1242 1058 1300 fere
1075 1242 1204 1300 omnium
1222 1240 1302 1299 radi·

202 1367 250 1407 ces
268 1344 534 1422 comprehendebat
551 1353 580 1402 et
597 1343 742 1420 origines:
766 1343 839 1402 satis
857 1342 957 1417 ampla
978 1342 1043 1399 luce
1059 1342 1193 1401 videmus
1211 1339 1302 1398 collu-

203 1445 308 1518 strari,
332 1446 413 1522 quod
437 1447 600 1522 prophetae
624 1443 778 1521 utriusque
799 1443 928 1520 imagine
944 1442 1024 1500 haud
1041 1460 1109 1500 raro
1128 1449 1248 1500 utuntur
1265 1441 1304 1499 ad

203 1545 425 1623 exprimendam
450 1546 551 1604 mundi
577 1543 703 1621 speeiem
720 1543 788 1602 Deo
805 1543 894 1603 simul
916 1550 946 1600 et
968 1541 1081 1600 civitati
1098 1542 1160 1601 eius
1177 1540 1304 1612 inimici;

204 1665 306 1705 eorum
322 1644 515 1704 irritamentis
532 1664 617 1704 sacra
635 1662 707 1720 gens
726 1641 895 1703 seducitur²
910 1643 1053 1719 primum,
1079 1643 1146 1700 dein
1170 1641 1305 1718 potentia

204 1754 234 1806 et
249 1746 320 1821 iugo
337 1751 484 1803 vexantur
501 1753 590 1822 atque
603 1741 845 1821 opprimuntur⁸3
863 1762 969 1820 porro,
988 1743 1039 1800 ubi
1052 1743 1107 1801 hac
1120 1761 1216 1819 poena
1231 1740 1305 1800 satit

204 1852 351 1922 apparent
367 1843 515 1920 castigati,
533 1846 570 1904 ab
589 1845 711 1903 arbitrio
730 1863 832 1904 eorum
849 1842 1050 1902 redimuntur⁴
1056 1864 1065 1914 3
1083 1851 1233 1918 postremo
1247 1841 1306 1916 ipsi

204 1948 306 2005 hostes
323 1943 367 2002 illi
385 1963 444 2002 una
461 1963 527 2003 cum
539 1945 576 2003 iis
590 1945 629 2003 ad
641 1964 742 2004 veram
753 1943 876 2004 Domini
890 1943 1062 2020 religionem
1072 1949 1280 2001 convertentur
1287 1939 1306 1999 ⁵.

206 2079 242 2090 -
259 2047 303 2104 At
320 2063 390 2102 vero
409 2045 483 2104 satis
500 2044 589 2104 etiam
606 2045 758 2122 utriusque
775 2044 879 2121 populi
896 2044 973 2102 ratio
992 2053 1036 2103 est
1053 2044 1180 2102 diversa.
1213 2040 1307 2102 Sicuti

207 2145 284 2206 enim
301 2145 390 2220 longe
407 2144 534 2205 diversis
550 2145 734 2220 temporibus
751 2144 838 2204 alteri
851 2144 930 2220 genti
944 2143 1097 2202 Israelitae
1109 2144 1227 2201 fuerant
1239 2143 1308 2202 snb-

205 2245 290 2317 iecti,
307 2245 351 2302 ita
368 2245 406 2302 ab
421 2245 579 2323 Aegyptiis
596 2244 751 2304 illecebras
768 2243 956 2321 potissimum
971 2251 1001 2301 et
1014 2244 1198 2302 irritamenta
1210 2261 1308 2300 rerum

206 2347 402 2403 humanarum
420 2345 557 2422 deinceps
575 2345 820 2422 experiebantur,
839 2363 905 2402 omn
923 2363 976 2419 per
992 2344 1135 2421 Assyrios
1154 2344 1310 2402 edoceren-

208 2453 266 2517 tur,
279 2463 355 2517 eum,
370 2444 421 2521 qui
434 2446 562 2522 peccatis
577 2446 667 2506 seculi
679 2446 854 2522 indulgeret,
873 2444 967 2520 ipsius
981 2444 1071 2503 seculi
1082 2452 1230 2521 potestate
1244 2463 1311 2519 per·

208 2544 275 2604 celli
292 2551 382 2620 atque
399 2547 549 2604 contundi.
574 2545 624 2606 Sic
641 2567 660 2605 a
676 2545 780 2622 primis
797 2545 901 2622 populi
914 2543 1006 2604 initiis
1019 2545 1059 2602 ad
1072 2554 1205 2604 extrema
1218 2561 1313 2619 usque

208 2643 487 2720 Hierosolymorum
503 2646 800 2724 iata'Aegyptiorum
819 2665 935 2721 semper
951 2645 1097 2705 illecebris
1109 2653 1144 2717 ⁴et
1160 2651 1311 2721 corrupte·

208 2744 247 2803 lis
264 2743 389 2802 obnoxii
407 2753 504 2806 erent:
529 2746 560 2803 in
579 2747 718 2823 Aegypto
745 2746 791 2804 vel
810 2747 998 2805 Abrahamus
1023 2746 1062 2804 ad
1086 2755 1210 2822 peccata
1227 2745 1312 2806 sedu-

210 2937 309 2986 nastise
327 2940 412 2984 aetate
429 2943 483 2986 tem
500 2936 672 2986 consimilibus
689 2951 778 2999 regum
795 2937 941 2986 nominibus
960 2949 1036 2998 quam
1054 2938 1146 2986 artium
1164 2935 1252 2985 indole
1269 2935 1312 2984 all.

210 3019 409 3085 deprehenditur
430 3021 458 3067 in
479 3020 610 3080 utriusque
628 3022 716 3084 populi
734 3023 913 3070 monumentis.
935 3021 981 3071 cir.
998 3021 1083 3070 Lsrsu
1095 3019 1250 3084 Chronolog.
1268 3018 1314 3068 der

210 3104 279 3166 Aeg.
296 3119 322 3166 p.
334 3102 394 3151 223.
416 3103 478 3152 Lar.
496 3103 609 3152 NIniveh
626 3119 651 3169 p.
662 3105 816 3156 297-302.
835 3105 893 3154 304.
912 3105 971 3154 394.

263 3186 290 3248 1)
306 3187 430 3251 Aegyptii
446 3187 474 3236 in
491 3187 579 3236 tabula
597 3187 759 3252 ethnologica
783 3187 848 3240 Gen.
867 3189 894 3237 X
916 3188 948 3236 ab
966 3187 1096 3242 Hamitica
1118 3185 1217 3234 tamilla
1242 3199 1313 3250 repe·

212 3277 312 3334 tuntum
329 3271 406 3320 trium
425 3276 511 3321 autem
527 3277 676 3321 naturarum
694 3273 768 3336 signa
786 3273 848 3321 satis
866 3271 994 3321 luculenta
1011 3271 1038 3319 in
1055 3270 1147 3320 uraniis
1169 3275 1195 3318 et
1212 3270 1314 3333 physio·
1351 3283 1354 3289 ·

212 3355 297 3417 logico
314 3355 419 3404 omnino
437 3367 525 3404 eorum
543 3353 631 3405 habitu
649 3357 844 3420 conspiciuntur,
862 3355 906 3404 cfr.
923 3352 1313 3418 MonronCraniaAcgyptiaca,

212 3435 393 3501 Philadelphia
401 3438 477 3499 1844,
494 3453 518 3502 p.
529 3437 570 3488 65.
580 3439 622 3489 66.
644 3439 747 3489 Panum
764 3440 806 3489 die
825 3438 1018 3490 Ueberbleiheel
1034 3437 1081 3487 der
1098 3437 1314 3503 eltaegyptischen

212 3521 282 3585 Rape
299 3537 324 3585 p.
337 3521 377 3570 14.
397 3523 443 3584 11;
459 3523 487 3570 iu
504 3523 670 3585 Assyriorum
688 3531 773 3574 autem
791 3531 884 3574 natura
901 3522 1022 3574 Semitioo
1041 3524 1129 3586 generi
1144 3521 1315 3574 Guschitimm

213 3605 310 3667 aliquid
327 3609 404 3665 atque
421 3607 548 3656 Arianum
566 3607 641 3657 simul
659 3609 819 3658 commistum
837 3608 929 3671 luisse,
954 3607 1037 3670 magis
1054 3606 1138 3657 indies
1155 3607 1314 3671 perspicitur.

213 3690 258 3741 cfr.
276 3705 302 3754 p.
313 3689 429 3739 XXXV.
446 3689 509 3740 XLI
526 3691 569 3740 all.

265 3771 292 3834 2)
310 3773 364 3823 Gir.
380 3774 445 3824 Hos.
462 3773 532 3836 XII,
547 3777 562 3824 2
581 3775 623 3825 all.

309 3856 362 3906 cfr.
380 3856 430 3905 Ies.
448 3857 514 3919 VII,
533 3860 573 3908 18.
592 3859 657 3920 LII,
674 3860 700 3908 4.

265 3857 281 3906 3

266 3856 294 4001 4}
312 3938 365 3990 cfr.
383 3941 471 3990 Hosee
488 3941 553 4002 VII,
573 3942 613 3990 11.
636 3941 691 4001 XI,
708 3943 733 3992 5.
753 3945 793 3991 11.

266 4023 293 4086 5)
309 4023 363 4073 Cir.
382 4022 457 4073 Sach.
475 4024 515 4084 X,
533 4024 574 4072 10.
595 4023 712 4074 Indidem
730 4024 897 4088 repetendum
914 4033 968 4087 est,
986 4026 1060 4089 quod
1077 4025 1147 4078 haud
1164 4040 1223 4077 raro
1242 4026 1317 4076 ambo

215 4107 284 4155 inter
301 4121 328 4156 se
346 4107 546 4170 contenduntur,
568 4113 645 4172 etque
668 4107 772 4157 alterius
794 4108 848 4158 iata
874 4116 950 4174 atque
973 4111 1078 4160 exitium
1103 4112 1177 4161 alteri
1195 4117 1319 4174 tanquam

216 4191 361 4254 exemplum
383 4199 571 4254 proponuntur;
600 4191 644 4241 eir.
668 4191 782 4242 Nahumi
809 4195 955 4259 pericopam
978 4194 1009 4244 de
1033 4194 1181 4245 Thebarum
1210 4193 1319 4253 excidio,

215 4273 271 4336 111,
289 4277 304 4324 8
324 4289 372 4338 sa,
390 4275 482 4326 Erech.
500 4275 602 4326 XXXI.
620 4275 742 4337 XXXII,
760 4279 793 4327 22
812 4291 845 4327 ss.
