2954 4808
674 1275 773 1286 ——n-—u

688 1505 715 1543 v.
737 1489 760 1542 1.

235 1610 330 1697 Onne
340 1635 427 1706 Noni,
444 1634 513 1694 iiber
531 1636 648 1693 vinonio
661 1634 788 1694 Natant
799 1635 986 1695 Elcoecbitoc.
1011 1631 1137 1702 Duobus
1154 1653 1193 1696 ex
1209 1655 1279 1712 par·

173 1737 254 1796 tibue
279 1736 462 1814 compositus
489 1734 622 1794 vaticinii
649 1735 754 1796 titulus
783 1744 845 1810 eet3
875 1747 1080 1814 argumentum
1106 1737 1281 1816 perstringit

172 1838 283 1910 ultera,
302 1851 382 1902 nturi
404 1837 493 1912 nuru,
512 1835 607 1895 altera
622 1845 773 1896 auctorem
788 1837 859 1896 libri
874 1837 994 1898 indicat.

225 1939 273 1997 Ac
294 1938 332 1995 de
348 1935 446 2012 prima
468 1935 586 2014 quidem
603 1955 691 2011 voce,
716 1953 805 2011 nmo,
823 1938 861 1998 V.
875 1938 924 1998 Ti.
941 1940 1021 2004 haud
1043 1957 1112 1999 raro
1134 1939 1279 2016 inscripta

172 2037 227 2098 illa
244 2037 387 2109 oraculis,
405 2055 444 2094 ex
461 2037 673 2114 antiquissimis
690 2039 873 2114 temporibus
890 2057 1070 2117 magnopere
1085 2040 1279 2116 interpretum

172 2139 250 2198 iuter
266 2157 299 2198 sc
322 2137 528 2212 discreparant
549 2138 719 2198 sententiae.
759 2137 850 2197 LXX
866 2158 927 2198 uon
950 2141 1023 2201 satie
1044 2139 1103 2200 sibi
1125 2147 1278 2199 constanti

172 2238 316 2299 Ieeaianis
329 2237 403 2298 locis
420 2255 445 2296 c.
453 2237 532 2296 XIII
542 2255 593 2310 ee,
607 2239 713 2312 XXX,
727 2243 743 2296 6
755 2238 898 2298 exhibent
908 2229 1036 2320 ὅρασις,
1045 2230 1166 2321 ὅραμα,
1175 2232 1277 2323 ῥῆμα,

173 2340 297 2418 reliquie
310 2347 407 2400 autem
422 2338 559 2397 omnibus
571 2331 697 2419 λῆμμα,
716 2337 803 2398 sicuti
814 2338 1004 2400 sanniones
1018 2348 1048 2400 et
1057 2340 1279 2414 Tmononon,
1396 2336 1401 2342 ”

174 2440 211 2500 dc
228 2459 305 2519 quo,
327 2447 361 2498 ut
378 2437 561 2500 Graecorum
579 2437 749 2500 omittamus
766 2440 932 2518 argutias1,
955 2449 1008 2500 aut
1030 2441 1279 2502 ituiudicandnm

174 2550 233 2616 est,
256 2550 290 2600 ut
312 2539 472 2601 secuudum
488 2539 593 2616 tReg.
606 2537 670 2613 IX,
683 2544 717 2598 25
736 2528 770 2616 (ὁ
793 2530 907 2624 κύριος
929 2529 1090 2622 ἐλάλησεν
1111 2529 1162 2600 ἐπ’
1179 2529 1280 2602 αὐτὸν

173 2633 212 2702 τὸ
242 2635 357 2724 λῆμμα
383 2637 482 2700 τοῦτο
516 2656 573 2701 arn
607 2653 763 2702 amomon
790 2635 858 2706 mbr
882 2641 968 2718 nuri)
993 2658 1050 2718 pro
1073 2641 1278 2717 pronuntiato,

177 2741 285 2814 effato,
303 2748 400 2800 sumto
417 2740 449 2798 in
461 2739 543 2799 labia
560 2738 736 2815 uscipiatur,
754 2747 807 2800 aut
821 2739 880 2813 ita,
898 2749 932 2800 ut
942 2749 999 2816 p'ro
1012 2741 1138 2816 tradito,
1156 2752 1279 2820 accepto

176 2861 196 2900 a
213 2842 268 2900 deo
285 2841 393 2900 valeat.
424 2838 551 2918 Syriaca
567 2839 673 2900 deinde
683 2839 903 2917 interpretatio,
921 2860 999 2919 quae
1014 2841 1173 2903 Psesmro
1191 2861 1280 2904 voca·

175 2951 238 3017 tur,
264 2942 369 3001 Ierem.
383 2931 510 3014 XXIII,
523 2944 557 3000 33
567 2959 614 3018 sq,
630 2940 722 3000 habet
735 2934 910 3052 &Kb-o,
927 2941 947 3000 i.
962 2961 992 3019 q.
1009 2934 1150 3023 φθέγμα
1156 2964 1168 3018 ,·
1197 2942 1278 3004 Hab.

174 3044 241 3117 1,1;
260 3041 347 3103 Sacb.
357 3042 429 3116 XII,
447 3046 477 3114 13
497 3040 628 3115 Mal.I,l
652 3029 722 3108 iot..
739 3049 801 3100 tum
818 3038 890 3102 re'ro
907 3048 1010 3102 norbo
1033 3042 1101 3102 loco
1118 3051 1197 3103 recte
1213 3044 1280 3104 red·

175 3144 250 3204 didit
266 3131 385 3210 iimo
402 3135 508 3220 plaga3
531 3149 683 3219 postremo
699 3142 844 3204 Iesaianis
859 3142 934 3202 locis
950 3143 1071 3202 exhibet
1087 3135 1230 3219 iiam,
1247 3145 1281 3204 id

176 3245 257 3323 quod
269 3245 346 3304 alias
357 3245 419 3319 iere
431 3243 581 3302 notionem
593 3243 684 3300 babet
697 3243 867 3321 ereptionis,
881 3244 1111 3320 expugnationis
1118 3243 1170 3322 (cf.
1178 3247 1280 3305 Bann-

81 3387 85 3398 .
176 3361 290 3404 suumn
306 3346 366 3404 lex.
383 3341 492 3421 Syn),
501 3342 598 3419 possit
614 3350 716 3404 maren.
730 3344 779 3403 bic
793 3344 871 3404 idem
889 3363 955 3405 eece
971 3363 1007 3404 ac
1022 3337 1124 3421 Una,
1142 3347 1280 3425 gestatio,

178 3446 332 3519 molestia,
348 3445 453 3518 labor,
472 3443 560 3504 sicuti
572 3433 669 3502 bna,
686 3445 808 3504 omnino
821 3471 855 3498 =
869 3457 954 3526 renti,
971 3446 1024 3506 eir.
1037 3448 1058 3506 l.
1072 3447 1093 3509 l.
1110 3467 1141 3524 p.
1150 3451 1202 3507 539
1215 3449 1280 3525 sa).

49 3597 61 3620 ,
180 3545 289 3607 Oneris
307 3546 413 3605 deinde
430 3561 530 3604 veram
554 3551 644 3623 atque
660 3547 818 3622 genuinam
840 3545 1090 3622 significationem
1100 3549 1282 3608 retinuerunt

176 3647 356 3721 Iouerum,
386 3647 526 3719 neuma,
550 3644 775 3720 Hmuonruus,
807 3645 858 3723 qui
880 3646 995 3721 primus
1019 3648 1149 3720 notavit,
1176 3667 1281 3721 „uum-

178 3768 267 3826 quam
285 3747 431 3826 praeferri
447 3746 478 3806 in
494 3745 599 3822 titulo,
617 3747 675 3807 nisi
688 3765 780 3823 grave
791 3745 906 3823 aliquid
918 3753 948 3804 et
959 3747 1100 3822 ponderis
1111 3747 1283 3825 laborisque

230 4027 254 4088 l)
272 4027 391 4078 manuus
404 4027 499 4078 Auara
526 4019 542 4090 ἤ
562 4017 702 4094 inpetriri
719 4039 747 4078 re
765 4023 811 4076 καὶ
829 4022 998 4094 προκειμένη
1015 4020 1047 4076 ἔν
1058 4024 1158 4093 χερσὶν
1174 4043 1284 4096 upopo-

177 4110 244 4162 τείν.
279 4112 464 4162 Tuncnoaurus
481 4109 616 4176 praefert:
645 4107 692 4174 τῆς
709 4105 835 4168 διανοίας
851 4102 901 4173 τὴν
918 4107 1006 4175 λῆψιν
1022 4107 1070 4160 καὶ
1087 4103 1137 4176 τὴν
1154 4105 1211 4164 ἀπὸ
1229 4111 1284 4164 τῶν

178 4189 367 4262 ἀνθρωπίνων
383 4191 542 4261 μετάθεσιν.
577 4191 783 4246 Otmrononus:
813 4187 882 4262 ὀργὴ
904 4187 975 4259 μετὰ
992 4191 1101 4264 θυμοῦ,
1121 4191 1151 4248 ἔκ
1169 4193 1218 4248 τοῦ
1236 4191 1285 4248 τὸν

177 4273 356 4350 ἰσχυρότερον
372 4274 493 4347 λαβόντα
510 4274 560 4332 τὸν
577 4274 777 4350 ἀσθενέστερον
795 4273 1024 4352 καταρρηγνύναι.

1069 4368 1082 4414 1
