2954 4784
200 221 248 291 82
595 224 669 286 crs.
682 225 728 300 11,
747 245 775 285 v.
789 229 903 284 12-14.

199 426 290 490 qnam
306 409 461 487 colligere,
487 426 592 469 sensus
609 418 671 470 est:
683 410 785 468 ¹facies
803 408 1005 469 subducuntur
1021 409 1148 481 robore;
1172 409 1304 472 dirimas

199 521 298 572 tamen
315 510 511 588 pallescentes
527 510 628 585 potius
645 529 717 586 prae
734 516 814 568 metu
832 510 957 586 cogitari
974 510 1073 569 vultus
1094 530 1183 587 quam
1201 512 1303 571 erube-

198 620 328 684 scentes3
363 629 455 688 quare
488 611 649 670 secundum
682 610 904 670 similitudinem
937 610 1095 669 verborum
1124 611 1189 671 Ioel
1204 611 1251 686 11,
1271 618 1302 686 63

197 713 302 772 Ierem.
314 711 429 784 XXX,
444 715 460 768 6
475 705 615 770 ruborem
632 711 730 771 subito
748 719 915 788 correptum
933 710 975 786 (r.
990 713 1095 789 supra)
1114 719 1144 770 et
1159 711 1239 771 intus
1257 733 1303 772 re·

198 822 316 889 ceptum
333 811 515 888 cogitamus,
530 811 776 890 quemadmodum
789 821 896 870 natura
908 812 967 870 fert
978 821 1013 870 ut
1025 811 1145 888 sanguis
1158 821 1302 888 perterre·

197 913 345 974 factorum
362 931 381 972 a
397 912 473 972 facie
490 919 520 972 et
536 913 675 972 membris
692 914 811 972 recedat
824 913 863 972 ad
875 912 1030 971 interiores
1043 913 1178 988 corporis
1190 922 1301 989 partes.

247 1014 295 1072 De
311 1013 409 1072 forma
426 1021 456 1072 et
472 1020 620 1074 structura
636 1033 741 1074 versus
758 1015 833 1072 bene
849 1021 936 1071 notat
952 1013 1111 1072 amarus:
1135 1021 1203 1086 „est
1224 1013 1303 1072 inter

197 1122 309 1190 puncta
325 1121 468 1191 quattuor
483 1114 589 1174 relatio
605 1114 785 1173 immediata.
811 1112 872 1173 Oor
889 1113 967 1172 enim
983 1113 1036 1171 ubi
1048 1113 1239 1191 liquefactum
1257 1123 1303 1174 est

195 1213 297 1286 intus,‘
313 1213 447 1291 sequitur
464 1214 553 1273 etiam
569 1214 644 1273 ioris
660 1213 800 1274 titubatio
818 1231 946 1290 genuum
952 1233 960 1285 ;
987 1221 1017 1272 et
1039 1233 1077 1272 ex
1100 1213 1203 1272 dolore
1225 1215 1301 1272 lum-

196 1315 303 1372 borum
320 1313 411 1374 iacies
429 1315 603 1376 contrahere
619 1315 697 1374 solet
713 1318 863 1374 atrorem“
880 1313 1044 1391 (mutentur
1066 1314 1221 1392 mutanda)
1244 1315 1302 1389 „de

196 1415 301 1474 dolore
318 1414 434 1474 interno
451 1423 621 1474 restantem.
647 1413 789 1476 Similiter
805 1433 860 1491 per
876 1415 1038 1474 chiasmum
1062 1413 1211 1474 inversum
1235 1433 1301 1474 cum

196 1513 285 1574 corde
301 1514 412 1591 facies,
430 1534 496 1575 oum
513 1516 638 1594 genibus
654 1516 746 1576 lumbi
763 1516 1026 1593 correspondent.“

614 1857 649 1936 C.
683 1883 718 1931 r.
741 1861 886 1933 12-14.

245 2016 430 2091 Expugnata
446 2023 477 2075 et
493 2015 591 2074 diruta
608 2017 696 2090 urbe,
721 2016 845 2093 direptis
864 2015 992 2095 divitiis,
1015 2015 1122 2075 incolis
1144 2016 1300 2076 trucidatis

195 2116 243 2176 vel
259 2117 290 2175 in
307 2115 446 2176 exsilium
463 2116 618 2190 abductis,
640 2116 701 2176 ianr
717 2125 804 2176 vasta
831 2125 861 2177 et
877 2118 994 2176 deserta
1010 2117 1077 2176 loca
1094 2116 1301 2192 praesagiente

195 2218 294 2278 animo
308 2217 508 2294 circumspicit
519 2226 614 2291 vates,
627 2237 705 2295 quae
715 2217 997 2294 magnificentissimi
1008 2217 1080 2276 olim
1086 2226 1176 2292 caput
1184 2216 1300 2293 imperii

195 2319 323 2398 tenebat.
333 2317 493 2378 Perculsus
511 2318 667 2377 atrocitate
683 2317 815 2378 iustitiae
831 2318 950 2378 divinae
967 2325 996 2377 et
1013 2337 1099 2377 sacra
1115 2317 1203 2376 simul
1220 2317 1299 2376 exci-

194 2426 274 2478 tatus
291 2417 406 2490 ironia,
429 2418 586 2478 revertitur
607 2419 751 2478 memoria
771 2419 803 2476 in
820 2426 931 2478 statum
948 2419 1091 2494 priorem,
1116 2437 1183 2476 cum
1207 2426 1299 2477 terra-

194 2537 261 2576 rum
277 2517 320 2576 ibi
338 2518 474 2577 dominus
491 2519 607 2577 nemine
623 2521 759 2578 turbante
769 2519 924 2579 maiestate
937 2538 992 2579 sua
1003 2528 1033 2577 et
1044 2518 1178 2594 potentia
1190 2518 1299 2594 gaude·

193 2625 240 2678 ret
256 2637 284 2676 v.
296 2620 344 2690 la,
363 2625 452 2696 atque
468 2619 627 2680 immensas
645 2619 782 2696 deinceps
800 2639 873 2696 opes
889 2620 920 2678 ri
937 2626 967 2678 et
984 2619 1096 2696 rapinis
1110 2627 1300 2678 coacervaret

193 2700 223 2778 ν.
239 2721 279 2776 13.
314 2719 357 2776 At
373 2737 445 2777 vero
462 2718 610 2779 Dominus
627 2721 809 2778 exercituum
828 2739 886 2778 una
904 2739 971 2780 cnm
988 2719 1083 2796 copiis
1100 2719 1250 2796 armisque
1270 2727 1301 2778 et

193 2817 299 2895 spoliis
316 2819 447 2897 undique
457 2820 606 2898 congestis
619 2819 851 2880 dominationem
861 2821 924 2882 eius
936 2820 1069 2880 funditus
1083 2821 1199 2880 evertit.
1216 2839 1244 2878 v.
1259 2823 1300 2878 11.

700 3091 728 3130 v.
748 3075 789 3132 12.

243 3215 414 3289 „Immensa
435 3219 507 3279 urbs
529 3238 565 3279 ac
586 3219 649 3279 lere
664 3220 874 3298 insuperabilis
897 3220 1062 3296 permulta
1083 3220 1184 3280 secula
1201 3220 1299 3280 diruta

192 3317 283 3390 iacet3
306 3317 423 3394 imperii
444 3320 516 3378 olim
539 3321 716 3396 amplissimi
738 3323 936 3394 munimenta,
968 3320 1136 3397 splendoris
1166 3321 1299 3397 regiique

192 3426 355 3493 apparatus
378 3419 529 3480 domicilia
550 3421 693 3480 hodierno
717 3422 765 3482 die
788 3423 916 3482 diffindit
938 3430 1070 3482 aratrum
1080 3422 1098 3494 ¹,
1128 3431 1180 3481 aut
1204 3420 1298 3480 seduli

79 3576 85 3585 ,
191 3519 326 3592 accolae,
344 3519 397 3597 qui
414 3521 478 3580 vias
490 3540 543 3597 per
555 3521 668 3582 medias
680 3521 782 3582 ruinas
797 3530 975 3599 sequuntur,
994 3523 1177 3582 conculcant.
1195 3521 1297 3581 Verno

191 3626 325 3695 tempore
342 3639 420 3680 nnnc
437 3639 560 3698 aggeres
578 3622 762 3698 graminibus
779 3642 811 3683 se
828 3623 958 3682 vestiunt
968 3621 988 3696 ¹,
1007 3621 1165 3698 omniaque
1178 3621 1297 3680 collium

193 3719 232 3778 ab
246 3720 314 3795 ipsa
326 3729 433 3781 natura
445 3722 645 3798 profectorum
657 3723 729 3800 iugo
742 3732 803 3784 tam
817 3724 926 3783 similia
938 3731 1017 3796 sunt,
1031 3720 1296 3792 ultramrano,

191 3839 268 3896 quae
285 3821 464 3883 munimenta
474 3831 677 3900 transgressus
690 3831 785 3897 esset,
803 3825 955 3884 Messalae
968 3824 1084 3884 demum
1098 3823 1244 3899 acceperit
1252 3821 1296 3879 ⁴.“

242 4078 268 4142 1)
285 4078 338 4129 Cir.
356 4077 436 4130 chuu
454 4089 550 4131 narrat.
569 4098 593 4146 p.
606 4083 646 4133 38.
664 4084 706 4151 43.
725 4086 767 4138 53.

245 4161 272 4222 2)
289 4161 342 4213 Cir.
360 4165 535 4214 Amsworran
553 4165 667 4218 Travals
685 4168 728 4231 11,
746 4169 804 4221 141.
825 4169 884 4220 143.
903 4195 937 4208 —
954 4168 982 4231 3)
999 4166 1041 4228 11,
1055 4167 1088 4218 63

242 4245 270 4305 4)
288 4245 398 4296 Tuccius
416 4248 433 4298 l.
451 4247 469 4298 l.
488 4264 512 4311 p.
525 4245 567 4300 55.
586 4251 628 4301 56.
