2954 4808
179 201 213 242 vi
539 181 784 239 Paonaaonarm.
811 179 884 238 Cer.
899 181 927 238 1.

180 365 300 425 Nahum
330 373 395 423 erat
424 364 462 422 ab
491 363 597 422 Elltesi
627 362 755 440 (Idioeai)
784 371 866 422 trans
888 361 1104 434 Bethabaram‚
1135 364 1172 421 de
1202 365 1282 424 tribu

180 465 345 538 Simeon;“
364 473 393 523 et
409 463 619 522 Errenen1oa¹
635 462 672 521 da
688 463 758 521 vitis
775 463 901 538 prophh.
920 481 945 520 o.
959 462 1065 521 XVII:
1101 446 1224 534 „odana
1245 450 1286 544 ἦν

180 554 251 625 ἀπὸ
269 555 439 634 ’dinooth
462 556 569 639 πέραν
588 558 649 620 τοῦ
668 551 844 642 Ἰορδάνου
865 552 915 633 εἷς
935 557 1096 645 Βηγαβάρ
1119 556 1156 622 ἐκ
1178 559 1287 644 φυλῆς

181 653 349 738 Συμεών.“
382 665 461 722 Hinc
477 663 528 721 alii
545 672 690 738 apparent
701 663 850 721 hausisse:
867 661 1046 720 Hasrciflus
1059 665 1158 738 presb.
1165 664 1202 721 de
1216 663 1286 722 vitia

181 763 309 839 prophh.
327 763 394 838 (eir.
414 762 738 840 Gaanzom1introd.):
769 749 862 832 „died
882 749 1068 832 Ἕλκεσεῖν,
1097 755 1204 840 πέραν
1224 757 1287 821 τοῦ

185 856 380 944 Τηνβαρεὶν,
403 855 439 922 ἐκ
463 855 571 941 φυλῆς
591 850 727 938 Συμεών
733 866 773 934 ,·“
786 868 937 936 postremo
951 860 1068 918 Iernon.
1082 861 1287 919 Hrarnnnnsrs

181 962 234 1020 lib.
252 970 379 1038 quaestt.
398 981 423 1020 o.
437 961 567 1020 XLVII:
587 960 727 1035 „Nahum
745 962 783 1020 de
799 961 877 1018 tribu
888 957 1007 1019 Simeon
1025 960 1056 1016 in
1063 959 1184 1019 Heieeai
1202 968 1285 1019 trans

181 1061 334 1120 Betharim
360 1071 448 1122 natue
473 1061 574 1138 ibique
602 1069 736 1120 mortuus
760 1062 838 1120 iacet
858 1059 890 1118 in
918 1060 1063 1119 tumulo.“
1094 1093 1131 1103 —
1161 1061 1225 1118 iam
1254 1068 1288 1118 nt

98 1207 100 1211 >
182 1163 220 1220 ab
239 1162 413 1220 Eemflanro
431 1161 662 1238 proficiscamur,
683 1150 847 1242 Βηγαβάρ
868 1160 979 1218 frustra
992 1160 1024 1217 in
1042 1159 1177 1218 omnibus
1191 1167 1288 1218 terrae

183 1280 286 1322 sacrae
313 1263 449 1337 partibus
479 1261 630 1338 quaeritur
637 1281 646 1333 ;
684 1280 780 1337 neque
820 1260 897 1318 enim
934 1259 1073 1318 oonfnndi
1104 1260 1191 1318 debet
1222 1279 1313 1318 oum·

183 1353 353 1442 Βηγαβρί,
385 1361 429 1419 uti
451 1361 571 1437 scripsit
594 1361 885 1431 Taaoefflnacrns.
904 1368 933 1418 et
956 1359 1037 1435 qnod
1054 1360 1190 1418 losneno
1214 1367 1289 1418 teste

182 1462 227 1538 (b.
245 1462 310 1520 Iud.
328 1461 367 1534 V,
385 1463 434 1539 26)
451 1480 510 1518 non
529 1469 612 1519 trans
630 1459 806 1532 Iordanem,
825 1460 878 1518 sed
895 1459 925 1517 in
942 1459 1083 1518 Idumaea
1101 1458 1190 1517 situm
1207 1465 1288 1530 erat;

183 1562 244 1619 imo
269 1561 421 1638 sequenda
449 1560 536 1619 nobie
559 1558 700 1618 Hnaru²
722 1567 752 1616 et
774 1558 940 1618 Rananm'
962 1560 1019 1618 erit
1047 1558 1210 1629 sententia,
1239 1558 1291 1635 qui

184 1651 349 1742 Βηγαβάρ
389 1680 427 1718 ex
455 1659 625 1718 Doaoraar
646 1659 817 1717 Bethabara
850 1668 1026 1717 censuerunt
1055 1658 1260 1735 corrigendum
1268 1656 1290 1730 ⁴,

186 1779 246 1837 qao
283 1769 313 1818 et
347 1760 473 1818 aliorum
508 1759 623 1817 etiamsi
666 1767 806 1834 corrupta
834 1759 957 1817 tendunt
984 1758 1104 1817 nomina
1124 1757 1287 1830 Betharim‚

189 1852 389 1942 Tquapet'v',
407 1861 457 1918 ail.
475 1859 559 1918 Licet
576 1866 672 1917 autem
685 1858 855 1917 Bethabara
872 1877 1051 1935 magnopere
1067 1858 1187 1935 regione
1204 1857 1288 1915 diffe-

185 1971 233 2022 rat
249 1981 268 2019 a
281 1959 419 2020 Galilaea
425 1959 444 2032 ⁵,
464 1969 493 2018 et
504 1959 622 2018 testium
635 1958 754 2016 illorum
766 1959 797 2016 in
811 1959 932 2018 minutia
948 1960 1037 2018 rebus
1050 1958 1142 2016 dubia
1158 1957 1289 2014 maxime

185 2063 259 2120 fides
276 2061 329 2120 ait:
347 2061 404 2118 hoo
422 2060 525 2118 saitem
543 2077 582 2117 ex
599 2059 678 2116 hisee
692 2061 780 2116 etiam
793 2068 876 2134 patet
888 2059 1071 2116 nominibus:
1089 2057 1288 2116 seeundum

186 2162 369 2220 traditam
387 2161 563 2235 deinceps
581 2158 807 2217 ludaeorum
833 2166 867 2216 et
891 2165 1036 2233 patrum
1061 2156 1291 2215 sententiam

186 2261 355 2320 Eikosoh
374 2279 397 2318 e.
415 2260 542 2318 Eloeai
559 2258 679 2317 fuisse
696 2258 733 2315 in
750 2247 973 2316 Palaestina
991 2256 1116 2315 eitum.

237 2362 267 2438 t)
292 2359 360 2434 Quo
379 2359 506 2431 aceedit,
533 2358 614 2435 quod
631 2358 750 2416 aliunde
772 2357 860 2416 etiam
882 2357 956 2415 haee
973 2355 1118 2415 sententia
1136 2356 1292 2414 confirma·

188 2470 245 2521 tur.
267 2461 378 2520 Fertur
394 2459 472 2518 enim
482 2458 670 2518 Ebionitioaa
682 2457 840 2516 haereseos
853 2456 1069 2516 Eloesaitarum
1078 2455 1098 2529 ⁶,
1117 2456 1193 2515 alias
1207 2453 1292 2515 Sam-

241 2767 266 2829 1)
284 2767 324 2817 De
342 2769 473 2832 utriusque
488 2767 540 2818 tide
553 2774 579 2818 et
591 2769 744 2818 anctoritate
762 2765 806 2815 cfr.
815 2765 979 2816 Damnatam·
990 2764 1117 2814 diatriben
1135 2761 1168 2812 de
1179 2761 1292 2812 Peeado·

187 2852 321 2902 Dorotheo
340 2859 366 2901 et
382 2851 655 2916 Pseudo-Epiphanio,
679 2851 889 2900 commentationi
912 2849 944 2898 de
961 2847 1102 2898 Habakuki
1125 2845 1215 2911 proph.
1239 2846 1294 2894 vita

187 2941 219 2984 ot.
238 2936 393 2990 adiunctam.
410 2936 479 3000 Lipa.
498 2937 574 2984 1842.

239 3020 265 3079 2)
281 3020 476 3069 Demonstratio
494 3021 609 3083 evangel.
627 3034 728 3085 propoe.
747 3018 795 3080 IV,
814 3033 838 3082 p.
852 3017 912 3066 439.

240 3102 266 3164 3)
283 3103 432 3152 Palaestina
441 3119 466 3166 p.
479 3104 538 3152 621.

239 3186 267 3246 4)
283 3181 419 3250 Βηγαβάρ
436 3187 510 3236 taoiie
529 3183 611 3235 oritur
628 3201 642 3234 e
660 3179 824 3250 Βηθαβαρᾶ,
842 3192 905 3238 πᾶν
926 3193 994 3250 nin,
1011 3185 1106 3233 omiaeo
1140 3191 1172 3244 τη
1191 3196 1221 3232 ae
1240 3181 1292 3231 ior·

189 3269 257 3318 eitan
274 3271 403 3334 Βηγαβρί
417 3269 521 3331 Iosophi
538 3269 601 3318 iilud
619 3269 758 3333 Epiphanii
777 3269 863 3318 animo
879 3269 957 3317 inerit
969 3268 1143 3318 obversatam.

240 3354 266 3416 ὁ)
284 3354 337 3403 Gir.
355 3353 459 3402 erm
476 3351 616 3401 Erdkunde
634 3353 694 3413 XV·,
711 3368 735 3415 p.
749 3352 799 3401 536
811 3366 845 3400 aa.

240 3435 267 3496 6)
286 3436 340 3485 Otr.
358 3436 461 3496 Enaaan
479 3436 539 3485 hiet.
558 3437 617 3484 ecel.
636 3435 688 3496 VI,
706 3437 747 3485 38.
766 3436 884 3484 Erinnae.
902 3433 1002 3485 haeres.
1020 3436 1098 3485 XIX.
1114 3435 1202 3484 XXX.
1220 3433 1294 3483 LIII.

189 3521 356 3570 Tanononnm
372 3519 480 3568 haeratt.
498 3519 587 3568 sabuli.
605 3520 622 3567 l.
640 3518 681 3580 ΙΙ,
700 3536 721 3569 o.
734 3521 758 3568 7.
794 3513 872 3568 Κατὰ
891 3518 991 3570 πασῶν
1008 3519 1141 3584 αἱρέσεων
1163 3517 1295 3582 (Origenia

189 3603 418 3668 philosophumena
435 3603 475 3652 ed.
493 3603 593 3651 Manna
611 3600 707 3651 Oxonii
726 3603 802 3664 1851)
820 3604 836 3652 l.
852 3605 905 3665 IX,
919 3605 945 3653 4.
964 3606 1004 3654 13.
1025 3605 1065 3654 15.
1086 3605 1126 3652 17.
1144 3605 1183 3664 X,
1202 3603 1244 3652 29.
1261 3627 1295 3638 -—

190 3687 282 3738 Snrnnn
299 3703 350 3737 von
368 3688 415 3736 dor
432 3686 512 3738 Seite
530 3687 576 3736 dar
593 3687 738 3736 Eloeeaiten
756 3688 864 3737 Haimat.
884 3689 960 3738 1749.
983 3688 1099 3738 Wancnn
1117 3688 1232 3736 Historia
1250 3685 1296 3733 der

189 3771 350 3836 Ketaereyen
380 3773 406 3833 1,
434 3789 459 3836 p.
482 3773 531 3822 587
556 3785 590 3820 ee.
625 3771 763 3820 aarum
788 3772 831 3821 W.
843 3771 874 3822 B.
899 3772 945 3820 der
961 3771 1160 3835 Kirehangeeah.
1182 3771 1210 3830 1,
1228 3784 1252 3817 a.
1270 3783 1294 3817 v.

190 3855 331 3905 Damraaon
347 3858 387 3905 in:
405 3857 553 3906 Zeiteohrift
569 3857 610 3906 ffir
627 3855 690 3902 ioth.
709 3854 801 3904 Theoi.
820 3856 860 3904 ed.
878 3855 988 3904 itonam.
1006 3864 1032 3905 et
1049 3855 1194 3914 Garatom,
1219 3853 1295 3913 1841,

190 3939 217 4000 1,
236 3955 260 4002 p.
273 3940 315 3987 42.
332 3940 374 3989 43.
410 3940 547 3991 Grnoaaan
564 3940 639 3990 Philo
656 3939 698 4000 11,
715 3955 740 4002 p.
753 3940 909 3990 att-401.
944 3939 1045 3988 Bonam
1061 3939 1217 4000 Hippolytus
1240 3935 1295 3984 und

192 4024 261 4072 aeine
280 4023 337 4072 Zeit
353 4022 381 4083 1,
399 4039 423 4087 p.
436 4026 477 4074 88.
497 4026 555 4074 171.
576 4025 631 4074 176.
652 4049 681 4060 —
702 4025 741 4074 Io.
760 4024 838 4074 cona.
857 4021 1001 4073 Soawanzn
1019 4036 1109 4071 comm.
1133 4020 1165 4070 de
1182 4020 1295 4068 Eioeeai·

191 4109 226 4156 tis
247 4114 274 4157 et
295 4121 383 4156 eorum
404 4110 533 4159 amoribus
555 4109 700 4170 (monimen.
723 4109 884 4172 ingeniorum
906 4115 968 4158 tom.
986 4104 1044 4163 ΙΙΙ)
1065 4106 1092 4154 ia
1115 4119 1187 4154 neum
1210 4116 1295 4153 meum

192 4203 340 4242 convertere
358 4207 410 4242 non
428 4193 507 4243 lionit.
