2954 4784
217 233 286 304 122
602 239 675 299 cm.
688 239 749 312 111,
768 259 796 296 v.
810 242 921 295 ιιι-ιι.

212 424 297 483 verbi
315 423 412 499 speeie
425 439 583 499 personam
597 422 694 481 notari
708 421 887 494 dixerimus,
906 419 1067 480 (teramus
1080 419 1185 498 (thes.)
1199 420 1316 480 mutius

213 524 426 585 abstractivam
438 524 565 582 formam
578 524 766 606 eonoretivae
775 539 862 600 agere
875 521 954 581 viees
968 521 1076 580 doeuit.
1102 520 1192 602 Unde
1204 529 1313 595 autem,

214 625 375 703 quaeritur,
393 625 532 700 Degesoh
548 624 622 682 illud
634 625 666 682 in
679 624 699 682 l.
722 639 736 682 r
751 625 765 683 i
790 623 863 682 Non
874 622 999 682 multum
1011 621 1137 680 attulere
1152 621 1245 694 lueis,
1263 622 1315 698 qni

212 725 250 784 de
267 740 299 801 ro
320 725 462 802 partitive
481 725 663 801 cogitarunt,
681 725 800 797 Meua,
813 723 974 784 Hostum:
994 722 1181 799 „principum
1195 730 1313 782 tuorum

213 834 273 884 tam
287 825 453 886 multisunt
467 837 505 884 et.
515 848 524 898 ;
533 829 552 859 “
571 826 673 903 quidni
686 826 763 884 enim
773 824 859 884 elteri
871 842 992 902 quoque
1002 822 1070 882 voei
1089 837 1206 898 pronis
1227 841 1314 898 prae·

211 926 341 1002 positum
366 926 463 986 esset?
489 925 659 1002 impeditius
681 926 770 985 etiam
791 926 816 984 Ι.
833 925 873 984 D.
890 925 985 982 ΜιοΗ.
1009 922 1106 999 suppl.
1130 923 1236 982 vertite
1270 922 1313 995 „ii

212 1026 264 1104 qui
281 1047 300 1084 a
317 1026 484 1085 diademate
500 1034 570 1086 sunt
587 1027 649 1086 scil.
667 1025 829 1103 proximi.“
847 1024 890 1084 Ut
913 1024 973 1082 alia
995 1031 1215 1100 praetereamus
1233 1041 1312 1082 com-

211 1135 326 1200 menta,
344 1135 424 1186 reete
439 1127 580 1187 statuisse
596 1127 749 1200 ridentur,
768 1126 819 1204 qui
835 1124 975 1201 Dagaseh
993 1122 1190 1200 euphonioum
1208 1141 1312 1200 argue-

212 1235 292 1300 rent,
316 1227 358 1285 uti
383 1227 528 1286 eiusmodi
551 1237 652 1286 notam
675 1227 838 1303 appellavit
855 1223 1030 1297 (lassatur,
1057 1223 1228 1300 expressius
1244 1223 1311 1283 Ew.

210 1327 350 1404 Dagaseh
375 1327 530 1401 dirimens,
555 1329 608 1386 efr.
626 1329 652 1405 ξ.
666 1333 715 1402 92,
733 1347 758 1386 a
777 1331 840 1399 160,
860 1346 889 1399 o,
916 1324 1163 1402 quemadmodum
1187 1331 1313 1400 apparet

210 1428 242 1486 in
259 1449 287 1487 v.
305 1435 418 1514 ert-ppo,
439 1441 544 1520 oppon
562 1428 635 1487 all.¹
659 1428 743 1486 Haeo
764 1435 862 1486 autem
879 1425 963 1486 verbi
985 1425 1101 1484 notatio
1123 1426 1313 1484 confirmatur

211 1545 263 1601 eo,
294 1509 375 1606 quod
401 1528 489 1586 duoes
510 1509 722 1606 ¹Assyriorum,
752 1547 806 1587 nee
830 1528 919 1586 duoes
943 1525 1056 1598 solum,
1085 1543 1187 1584 verum
1211 1543 1312 1584 omnes

211 1628 317 1701 etiam,
336 1629 387 1705 qui
405 1628 550 1704 supremis
567 1629 736 1690 muneribus
752 1629 842 1705 regiis
858 1627 1072 1704 fungebantur,
1090 1625 1266 1686 diadematis
1284 1634 1313 1684 et

212 1729 331 1788 coronis
348 1729 546 1805 pretiosisque
562 1729 644 1788 vittis
661 1739 745 1788 erant
762 1729 873 1802 ornati,
898 1728 941 1786 uti
965 1727 1070 1786 dorent
1091 1724 1311 1786 mouumenta².

213 1829 331 1886 -Iam
348 1847 418 1886 vero
436 1828 579 1887 Mamaos
596 1829 776 1889 Wurzelwb.
800 1838 830 1888 et
845 1819 1018 1887 Msuuuuus
1040 1826 1208 1903 principum
1232 1827 1311 1903 eogi-

212 1928 353 1987 tationem
371 1949 390 1986 a
407 1947 486 1986 nexu
503 1929 713 1988 sententiarum
735 1948 858 2007 prorsus
880 1929 1008 1988 alienam
1030 1947 1095 1988 esse
1116 1928 1310 2000 contendunt3

212 2036 244 2087 at
265 2047 364 2086 nonne
387 2036 528 2106 sequente
550 2049 638 2090 versu
662 2030 824 2089 afferuntur
844 2037 998 2106 pastores,
1023 2029 1042 2087 i.
1061 2049 1087 2088 e.
1110 2027 1258 2105 principes
1282 2037 1312 2086 et

212 2129 316 2203 duces,
340 2137 430 2208 atque
446 2130 611 2206 magnifici,
629 2132 803 2208 magnates?
828 2131 993 2190 Hrrzroms
1010 2137 1108 2190 autem
1124 2129 1231 2188 haeses
1248 2147 1310 2187 mo·

210 2230 288 2288 nuit:
314 2231 387 2302 „mit
404 2230 742 2290 Heusehreokeuhaufen
765 2231 932 2308 vergliohen
956 2229 1076 2289 werden
1098 2229 1205 2288 sollten
1229 2229 1310 2289 nieht

211 2328 334 2403 Solehe‚
353 2330 400 2388 die
417 2331 709 2408 verhdltnissmdssig
726 2339 799 2392 stete
816 2331 930 2408 wenige
947 2330 1029 2404 sind,
1052 2329 1195 2402 rendere,
1222 2331 1310 2388 deren

210 2431 268 2489 wie
287 2433 371 2504 jener
387 2431 530 2504 Krdmer‚
559 2433 623 2490 eine
645 2451 750 2509 grosse
766 2431 882 2504 Zahl;“
906 2450 1005 2490 verum
1029 2430 1177 2488 enimvero
1200 2431 1310 2507 prinoi-

210 2549 280 2605 pum
298 2531 413 2588 notioni
430 2549 489 2588 non
505 2540 661 2609 tantopere
678 2540 723 2592 est
738 2533 947 2604 insistendum,
969 2538 1096 2608 possunt
1117 2531 1238 2590 omnino
1256 2531 1310 2590 du-

210 2649 258 2688 oes
276 2639 306 2688 et
321 2647 459 2705 proceres
476 2631 610 2707 eogitari.
637 2634 738 2711 Atque
756 2642 788 2691 ut
805 2634 841 2691 de
858 2632 981 2691 duoibus
993 2631 1171 2691 militaribus
1183 2631 1214 2690 in
1228 2640 1308 2692 utra·

211 2749 269 2806 que
285 2747 359 2788 voee
376 2731 555 2790 enucleanda
576 2741 694 2808 praeter
717 2741 814 2792 uetera
839 2733 1015 2808 cogitemus,
1042 2751 1196 2790 movemur
1220 2731 1310 2792 etiam

211 2849 263 2902 eo,
282 2831 362 2908 quod
379 2830 410 2888 in
427 2831 509 2908 regia
526 2829 747 2909 ekpedilionum
766 2843 795 2892 et
810 2832 1002 2892 victoriarum
1019 2833 1309 2906 commemoratione,

208 2931 302 2991 titulis
333 2933 464 2991 cuneolis
489 2932 553 2992 fere
568 2953 726 3010 expressa,
757 2934 814 2993 tria
840 2933 1015 3010 praesertim
1047 2933 1173 2992 militum
1200 2950 1310 3009 genera

209 3041 491 3105 commemorantur,
516 3053 592 3110 quae
608 3035 848 3094 stmnsonrus
871 3034 988 3110 anglico
1012 3051 1149 3094 sermone
1165 3034 1308 3094 reddidit:

261 3331 287 3394 1)
306 3333 434 3397 (inrum,
451 3335 526 3386 alenti
543 3351 632 3386 omnes
649 3338 703 3389 fare
720 3338 817 3401 nodos,
834 3338 872 3388 ita
888 3336 955 3388 hune
966 3337 1137 3401 quoquealiis
1148 3337 1232 3390 verbis
1249 3353 1307 3403 sap·

208 3418 298 3482 positis
316 3419 437 3482 expedire
453 3435 505 3470 uon
522 3422 656 3485 miramur3
674 3439 727 3474 nou
744 3425 828 3474 minus
846 3423 955 3472 abiicere
968 3437 1033 3472 onus
1047 3422 1122 3472 oallet
1133 3423 1307 3474 Knnnnunmsz

209 3504 338 3566 „omnium
355 3503 465 3554 fortasse
482 3504 692 3570 simplicissimum
704 3515 756 3571 est,
773 3516 802 3557 ut
818 3505 1006 3558 incommodum
1018 3506 1082 3556 illud
1090 3505 1210 3569 Dagaseh
1221 3507 1307 3558 delea-

207 3587 278 3648 tur,“
298 3586 368 3651 quod
385 3587 457 3637 deest
473 3603 564 3640 revera
579 3591 607 3640 in
624 3592 639 3640 6
657 3593 720 3642 Mss.
736 3591 882 3654 Rossianis,
900 3590 969 3641 unde
987 3591 1018 3640 ab
1032 3590 1184 3640 emendante
1195 3591 1306 3654 quadam

206 3685 283 3720 manu
301 3673 408 3722 eiectum
426 3679 539 3738 apparet.

257 3756 283 3816 2)
300 3757 352 3806 Ofr.
369 3759 482 3810 Larsnn
499 3760 617 3810 Nineveh
630 3775 654 3810 n.
672 3759 857 3810 seineUeherr.
876 3775 900 3826 p.
914 3761 972 3812 357.
990 3761 1075 3812 Gesss
1087 3761 1196 3825 Assyria
1207 3760 1305 3824 p.463:

207 3841 292 3906 „High
309 3843 409 3893 offioers
426 3844 456 3893 ot
470 3844 513 3894 the
531 3851 597 3894 state
609 3859 677 3895 were
690 3844 806 3894 adorned
817 3844 881 3894 with
896 3845 1025 3908 diadema,
1042 3847 1137 3910 closely
1151 3846 1306 3910 resembling

205 3925 249 3976 the
267 3927 349 3976 lower
366 3927 434 3976 band
451 3929 538 3978 ottho
557 3928 629 3991 royal
647 3930 736 3991 mitre,
758 3931 893 3994 separated
915 3931 982 3980 from
1004 3931 1048 3980 the
1070 3946 1116 3996 cap
1136 3931 1209 3982 itsell
1228 3965 1304 3981 .....

204 4009 272 4072 Very
290 4013 434 4075 commonly
450 4013 494 4063 the
511 4014 578 4063 head
596 4028 652 4064 was
670 4014 795 4064 enoireled
813 4014 876 4063 with
894 4029 910 4064 a
927 4016 1016 4080 simple
1033 4017 1096 4066 fillet
1108 4016 1229 4081 orhoop,
1246 4031 1304 4080 pro-

118 4093 125 4116 ¹
204 4093 282 4158 bably
300 4096 330 4144 of
344 4095 418 4160 gold,
436 4097 544 4147 without
560 4113 612 4162 any
630 4099 781 4148 adomment
793 4097 841 4148 σι’
860 4099 992 4150 Eiusmodi
1006 4099 1192 4163 diadematum,
1210 4102 1305 4166 passim

204 4176 337 4228 obviorum
362 4181 389 4228 iu
405 4188 627 4234 monumentorum
644 4183 752 4244 tabulis,
774 4185 899 4250 imagines
917 4183 1048 4250 ‘expressit
1065 4183 1151 4237 Gossn
1168 4185 1229 4246 l.1.;
1251 4183 1302 4233 Bo-

203 4273 261 4312 non
278 4278 302 4326 p.
315 4263 364 4314 319
383 4264 521 4315 secundum
537 4263 639 4316 Borrae
657 4268 709 4318 tab.
723 4267 780 4319 163.
