2954 4808
496 185 522 261 p.
541 189 566 244 5.
592 185 641 244 Du
659 203 756 245 naeus
773 188 984 247 Assrmonun.
1112 236 1114 240 .
1236 204 1297 249 rav

193 372 302 430 bensas
341 368 449 441 luisse,
491 369 615 429 adiectis
655 390 673 429 a
710 371 815 447 Moyse
857 372 955 432 vorbIs
1003 371 1119 432 videtur
1162 373 1296 435 indicari.

197 543 396 568 ,τῃ-ἐ

193 679 267 728 unius
280 679 345 739 diei,
365 688 427 732 trttt
448 687 494 735 titt
515 664 606 744 abun.
640 685 679 730 At
695 683 775 746 probe
786 681 919 748 respondit
930 682 1048 734 Wntanur
1061 681 1124 734 RW.
1143 683 1297 735 assentiente

193 765 398 826 ammaricus,
420 766 465 814 vix
488 761 638 826 prophetam
661 773 732 816 recta
748 768 792 816 via
808 783 854 832 per
873 768 960 819 urbem
983 783 1158 832 progressum,
1181 771 1227 820 aed
1249 771 1297 822 buc

193 849 253 898 illuc
270 851 352 913 prima
370 849 411 897 die
430 853 549 912 vagatum
567 849 732 913 cogitandum
753 867 823 915 esse;
846 867 928 916 neque
951 867 1012 902 vero
1029 869 1053 902 v.
1071 855 1138 904 4mm
1156 861 1209 902 tam
1226 864 1297 905 arcta

195 934 383 983 necessitudine
399 934 525 982 contineri
542 947 599 982 cum
618 949 642 982 v.
662 935 715 996 3¹0,
733 951 810 999 quam
828 952 883 987 cum
902 939 955 999 bt0,
979 948 1054 1000 atque
1073 937 1137 986 adeo
1155 938 1224 987 idem
1242 955 1297 988 ver·

194 1019 254 1066 bum
271 1024 380 1080 utroque
397 1018 453 1066 loco
471 1031 524 1065 nou
541 1021 685 1069 necessario
698 1021 841 1084 significare
854 1005 1040 1086 longitudinem
1053 1022 1159 1072 itineris.
1181 1023 1297 1084 Accedit,

194 1101 264 1165 quod
281 1115 297 1150 a
314 1101 432 1150 Drouono
450 1107 476 1150 et
494 1098 628 1151 Srnaaouu
652 1103 761 1153 eundem
784 1105 838 1156 lere
855 1103 918 1154 Nini
941 1106 1062 1155 ambitum
1087 1105 1209 1156 traditum
1227 1122 1297 1157 acce-

195 1187 290 1248 pimus,
309 1200 365 1235 cum
382 1187 426 1236 ille
443 1185 508 1236 Nini
525 1201 611 1236 muros
628 1190 655 1236 in
673 1189 843 1253 quadranguli
860 1190 970 1240 formam
987 1191 1135 1240 aedificatos
1152 1191 1298 1242 4801tadia

194 1270 409 1334 comprehendere
427 1271 569 1332 tradiderit,
588 1279 691 1323 auctore
703 1274 796 1324 Orsua
813 1281 842 1324 nt
857 1274 964 1336 videtur,
983 1274 1083 1326 Srnaao
1102 1281 1188 1324 autem
1199 1275 1297 1326 Ninum

195 1357 274 1406 multo
291 1357 415 1406 maiorem
433 1356 547 1406 docuerit
563 1372 640 1420 quam
656 1357 817 1422 Babylonem
833 1359 926 1420 fuisse,
944 1358 1009 1410 bauo
1027 1368 1112 1408 autem
1129 1359 1220 1422 (XVI,
1233 1363 1256 1408 1.
1269 1361 1296 1422 b)

194 1443 222 1490 in
240 1442 289 1491 385
308 1441 448 1490 stadiorum
468 1442 590 1491 ambitum
609 1451 754 1507 extensam,
776 1444 867 1508 quibua
885 1444 985 1493 Hunos.
1004 1445 1053 1492 100
1070 1443 1123 1492 fere
1146 1443 1232 1492 stadia
1253 1445 1298 1494 ad-

195 1524 261 1574 didit
277 1527 330 1589 (clr.
341 1527 363 1588 Ι,
377 1527 449 1590 178);
468 1529 519 1577 iam
531 1528 613 1577 silbo
625 1529 709 1578 stadia
721 1530 794 1578 unius
806 1528 857 1576 diei
873 1529 923 1576 iter
939 1528 1074 1577 conficiunt
1090 1527 1198 1590 (Hauon.
1212 1530 1245 1589 V,
1255 1528 1298 1590 53)

195 1613 272 1660 trium
295 1611 395 1661 dierum
418 1613 541 1661 ambitum
564 1612 618 1661 fere
641 1621 757 1663 constare
780 1613 904 1662 videmus.
939 1612 1025 1675 Atque
1045 1611 1073 1660 hi
1089 1611 1191 1675 quidem
1209 1613 1299 1663 calculi
1372 1627 1377 1635 “

195 1695 302 1745 detectis
319 1711 401 1760 nuper
418 1695 481 1746 Nini
500 1696 580 1746 ruinis
597 1697 703 1746 mirilico
721 1699 925 1761 comprobantur.
961 1695 1007 1747 Sat
1025 1697 1102 1746 variis
1124 1697 1228 1759 quidem
1244 1711 1298 1747 mo·

196 1780 236 1829 dis
254 1782 387 1843 antiquum
398 1780 462 1830 Nini
479 1781 611 1830 circuitum
628 1781 701 1830 vallis
719 1783 846 1846 murisque
865 1789 891 1831 ct
908 1783 1038 1830 ruinarum
1056 1781 1165 1830 molibus
1181 1782 1298 1845 designa-

196 1873 250 1914 tum
266 1868 391 1930 reperisse
409 1865 458 1914 sibi
475 1866 523 1914 viai
542 1873 614 1926 sunt,
638 1873 713 1928 atquc
737 1868 792 1931 ipse
809 1869 944 1918 Mutunus
969 1864 1140 1928 quadranguli
1156 1865 1224 1914 illius
1242 1881 1299 1930 spe-

195 1951 258 1998 ciem
281 1957 401 2013 quattuor
422 1951 503 1999 ruinis
527 1950 618 2000 referri
640 1953 770 2001 existimat
792 1953 917 2013 Nlmrud,
940 1949 1112 2014 Koyuudjulr‚
1135 1949 1298 2010 Kborsabad‚

195 2033 345 2094 Karamlcs,
365 2048 473 2097 eamque
489 2049 582 2084 norma
598 2042 624 2084 et
641 2037 729 2085 metris
747 2036 869 2086 adhibitis
886 2049 967 2099 nuper
984 2034 1175 2097 comprobatam
1199 2049 1299 2083 asseve-

196 2117 452 2181 recusaremus.
471 2118 589 2168 Outliues
609 2119 759 2182 pXLlID:
783 2123 894 2170 maxime
916 2126 1003 2168 tamen
1026 2119 1139 2168 omniurn
1161 2115 1215 2176 (cir.
1240 2118 1298 2167 rell·

196 2216 260 2264 quas
277 2203 411 2265 opiniones
427 2219 445 2254 a
460 2203 571 2254 Rrrrrno
589 2205 732 2268 expositas,
750 2205 765 2252 l.
779 2205 795 2252 l.
815 2221 839 2270 p.
852 2205 903 2254 224
917 2202 962 2266 sa.)
982 2203 1090 2252 Bonorm
1106 2202 1300 2252 commendatur

196 2288 339 2349 sententia,
362 2291 404 2351 qui
417 2279 535 2355 ¹liguram
560 2305 575 2338 a
597 2289 717 2337 Dronono
740 2289 892 2353 descriptam
917 2289 1043 2352 quadrare
1064 2288 1249 2337 demonstravit
1272 2289 1299 2336 iu

196 2373 306 2436 spatium
323 2373 386 2422 illud
405 2375 473 2436 quod
490 2373 629 2424 includitur
646 2373 749 2422 tumulis
768 2372 926 2439 Koyuudjulr
944 2381 970 2423 et
986 2371 1073 2424 Nebbi
1089 2374 1193 2433 Nande,
1214 2373 1298 2421 Khor·

196 2457 289 2517 sabad,
309 2457 458 2521 Keramos,
482 2460 554 2509 Kara
572 2458 658 2519 Kush,
682 2466 707 2508 et
729 2461 790 2521 iugo
812 2460 906 2507 montis
929 2458 1011 2509 Gebel
1033 2458 1149 2519 Maclub3
1173 2457 1217 2506 cfr.
1234 2455 1298 2505 Bon.

195 2543 278 2604 p.94;
300 2557 408 2604 quorum
429 2544 541 2594 ambitus
565 2545 598 2593 60
615 2544 736 2592 milliaria
754 2543 821 2606 angl.
846 2543 1197 2606 (10†20÷10÷20)=480
1214 2541 1300 2591 stadia

195 2626 393 2690 comprehendit.
429 2627 502 2688 Quae
521 2629 649 2678 sententia
666 2641 697 2678 eo
715 2629 798 2693 magis
815 2625 1014 2687 commendatur,
1032 2626 1101 2689 quod
1112 2627 1234 2675 continua
1244 2625 1299 2674 fera

195 2712 350 2760 tumulorum
376 2713 464 2762 ruinas
491 2713 675 2762 continentium
702 2715 780 2763 series
807 2712 934 2774 descripta
958 2711 1004 2760 illa
1029 2709 1193 2760 includuntur
1221 2711 1298 2771 linea,

195 2796 346 2846 Nimrudica
363 2804 448 2846 autem
465 2798 578 2859 palatia,
595 2811 659 2859 quas
673 2798 785 2846 Laranm
804 2795 1087 2860 uua‘comprebendere
1100 2797 1209 2857 mavult,
1227 2811 1299 2860 pror·

195 2897 238 2932 sua
255 2887 374 2946 separata
391 2887 417 2930 et
434 2881 533 2930 seclusa
550 2882 648 2941 iacent,
671 2888 748 2944 atque
771 2884 798 2930 iu
815 2880 896 2929 titulis
918 2883 1032 2930 cuneatis
1050 2881 1176 2931 Rawnuts.
1194 2888 1299 2928 auctore

196 2973 312 3016 accurate
331 2979 347 3014 a
364 2965 435 3014 Nino
452 2965 650 3030 distinguuntur.
668 2966 723 3028 (cfr.
736 2963 854 3014 Outliuea
871 2978 897 3026 p.
909 2965 1018 3026 xxm).
1036 2991 1069 3000 -
1087 2953 1180 3012 Posset
1196 2965 1298 3026 quidem

195 3052 315 3115 cogitari,
337 3052 413 3100 trium
437 3051 536 3100 dierum
557 3050 743 3115 longitudinem
766 3050 931 3100 nibilominus
958 3049 992 3097 ad
1015 3048 1114 3098 Ninum
1136 3049 1299 3098 referendam

196 3149 266 3196 esse,
288 3136 408 3198 qnoniam
428 3143 544 3185 extrema
567 3135 665 3198 palatia
681 3135 747 3196 duo,
774 3136 842 3183 inter
863 3149 929 3198 quaa
951 3133 1050 3196 reliqua
1072 3135 1146 3196 quasi
1165 3137 1299 3186 interiecta

196 3220 282 3268 omnia
304 3227 377 3282 sunt,
400 3220 556 3282 Khorsabad
580 3226 607 3268 et
628 3219 715 3268 Kalab
739 3217 863 3282 Sbergat,
887 3220 965 3268 trium
989 3219 1044 3267 fere
1069 3219 1188 3268 itinerum
1214 3221 1298 3284 spatio

195 3305 306 3364 dietant;
324 3319 385 3355 nam
395 3305 550 3356 Khorsabad
568 3305 712 3355 aMossula
728 3305 754 3352 V
771 3303 825 3352 fere
844 3303 964 3352 horarum
978 3303 1114 3352 intervallo
1129 3303 1220 3372 abest,
1230 3305 1298 3354 unde

194 3389 345 3439 Nlmrudem
362 3391 430 3440 VIII
447 3391 517 3441 boris
535 3390 729 3454 proficiscuntur
746 3389 800 3452 (cfr.
811 3386 1003 3438 Rrrraafflrdk.
1013 3388 1068 3449 XI,
1085 3387 1297 3452 p.241.p.175);
1355 3407 1359 3416 ·

195 3472 378 3523 Nimrudensss
397 3481 482 3524 autem
499 3476 589 3524 ruinae
607 3475 691 3524 medio
708 3475 763 3524 fere
780 3476 848 3524 inter
864 3473 1019 3524 Khorsabad
1042 3480 1067 3522 et
1085 3473 1170 3522 Kalah
1188 3473 1298 3536 Sbergat

194 3559 251 3607 loco
268 3560 333 3608 sitae
350 3566 410 3608 aunt
427 3559 482 3622 (cir.
501 3553 618 3624 mapp'am
643 3558 841 3622 geograpbioam
857 3559 972 3608 Lautam
994 3559 1060 3608 libro
1084 3557 1224 3620 additam).
1262 3560 1298 3606 At

194 3655 241 3692 nec
257 3643 379 3692 traditum
399 3657 505 3707 usquam
524 3650 562 3692 est
581 3659 627 3694 nec
644 3645 699 3692 veri
716 3645 821 3692 omuino
838 3643 941 3693 videtur
957 3642 1053 3703 simile,
1071 3649 1126 3690 tam
1146 3643 1297 3698 immensam

193 3726 272 3776 fuisse
294 3727 498 3791 magnitudinem
521 3727 599 3776 urbia.
623 3730 655 3766 ’-
677 3728 811 3791 Utcunque
834 3733 887 3787 est,
910 3725 1025 3776 notanda
1048 3725 1128 3789 probe
1151 3730 1210 3772 sunt
1231 3739 1297 3787 quae

194 3811 310 3875 apposite
326 3812 426 3860 monuit
442 3811 566 3871 Garama,
589 3813 700 3875 Assyria
717 3827 741 3874 p.
751 3811 815 3860 4902
842 3811 883 3871 „lt
900 3812 922 3858 is
940 3817 986 3860 not
1003 3815 1030 3858 to
1047 3810 1079 3858 be
1097 3808 1224 3872 supposed
1241 3809 1297 3859 that

193 3895 243 3944 tbis
264 3903 323 3945 vast
345 3911 406 3945 area
428 3909 484 3945 was
508 3896 617 3944 covered
635 3897 698 3946 with
722 3896 862 3958 buildings,
888 3893 939 3943 lilre
963 3907 1010 3943 our
1030 3893 1137 3942 modern
1160 3893 1296 3957 Europeau

193 3981 307 4042 capitals.
341 3979 406 4029 Lilre
429 3980 464 4029 all
486 3977 528 4029 tbe
552 3987 625 4042 great
641 3982 741 4032 Aslatic
764 3982 851 4041 citius,
873 3980 894 4027 it
915 3993 971 4029 was
995 3978 1126 4028 doubtless
1146 3977 1211 4025 built
1231 3979 1258 4025 in
1281 3989 1297 4024 a

192 4063 263 4113 loose
282 4064 333 4113 and
351 4065 492 4129 straggling
510 4078 630 4126 manner,
655 4066 716 4115 with
734 4078 812 4127 many
828 4065 899 4126 large
918 4063 991 4112 lields
1014 4063 1056 4112 for
1078 4062 1121 4111 the
1145 4062 1296 4126 productior

194 4148 223 4196 oi
243 4163 303 4198 corn
327 4149 378 4198 aud
400 4149 442 4200 ior
464 4147 507 4197 the
531 4149 635 4212 grasing
658 4148 688 4198 ol
708 4149 796 4210 cattle,
819 4147 991 4210 interspersed
1016 4161 1110 4210 among
1131 4145 1175 4195 the
1197 4151 1294 4195 streete.

194 4231 240 4282 We
267 4245 311 4282 ars
335 4233 389 4282 told
413 4234 446 4296 by
471 4232 580 4292 Qunuur
605 4232 712 4282 Connus
736 4232 792 4282 that
815 4231 947 4296 Babylon,
975 4246 1039 4282 even
1064 4233 1090 4282 ln
1114 4231 1158 4280 the
1180 4232 1241 4280 time
1268 4227 1298 4276 ol
