2954 4808
187 194 253 240 xxx
308 240 310 244 .
537 172 783 234 Puonsoonuvs.
810 173 883 232 Otr.
900 173 940 232 ΙΙ.

240 361 381 422 Manasae
402 359 434 418 in
450 359 579 436 patriam
596 359 691 420 redux
716 368 746 420 ct
762 359 841 420 serio
865 358 1009 424 addeum
1030 371 1208 433 conversus,
1232 359 1291 436 pri-

192 464 271 524 stina
288 461 367 521 vitae
383 460 500 520 ratione
517 469 712 536 commutata,
737 480 773 519 ea
789 479 867 538 quae
883 469 971 523 antea
988 469 1176 536 peccaverat,
1198 460 1291 522 corri-

190 583 262 641 gere
284 570 376 641 atque
398 561 554 622 restituere
580 562 702 624 studuit.
732 561 885 621 Idolorum
907 561 998 638 igitur
1022 561 1130 620 altaria
1152 569 1182 620 et
1202 561 1292 620 simu-

190 666 274 724 lacra
290 663 430 735 removit,
455 671 485 722 et
501 663 728 740 superstitiones
744 663 830 736 illas,
855 671 999 740 quantum
1015 661 1127 738 potuit,
1151 681 1167 720 e
1184 660 1291 722 civium

191 763 299 826 animis
317 755 442 824 evellere
458 773 582 824 conatus
600 773 649 824 est
654 786 662 836 3
681 773 713 826 at
729 781 800 822 vero
817 764 927 824 malum
943 763 1019 824 adeo
1032 763 1227 822 iuvcteratum
1239 761 1292 822 vix

190 867 251 926 iam
274 863 436 940 exstirpari
457 865 570 941 potuit,
596 863 631 924 et¹
648 864 765 924 facilius
786 865 825 924 ad
849 864 949 924 omnia
970 864 1024 924 illa
1046 863 1181 923 facinora
1205 870 1294 924 antea

191 965 305 1026 seducti
323 973 420 1038 arant,
447 985 537 1043 quam
561 966 599 1024 ab
621 964 713 1026 insita
729 964 918 1024 idololatriae
935 964 1095 1041 cupiditate
1111 963 1294 1024 revocaban-

189 1076 248 1126 tur.
282 1065 423 1142 Legimus
447 1066 524 1124 enirn
547 1067 668 1125 deorum
694 1083 762 1125 aras
786 1085 805 1125 a
828 1066 968 1126 Manasse
992 1071 1106 1124 tanturn
1130 1072 1293 1124 remotas

190 1187 273 1241 esse,
297 1185 317 1224 a
339 1165 422 1226 Iosia
444 1173 543 1226 autem
565 1175 706 1227 contusas
728 1175 818 1244 atque
841 1165 1012 1239 dIsiectas1,
1035 1173 1231 1243 posteaquam
1254 1165 1292 1224 ab

191 1270 340 1328 Ammona
356 1284 473 1326 rursum
495 1267 614 1326 fuerunt
629 1250 827 1340 instauratae3
850 1287 904 1327 nec
920 1267 1090 1326 desiverunt
1111 1267 1144 1324 in
1166 1264 1293 1324 excelsis

188 1369 266 1428 'locis
283 1367 453 1442 immolare,
477 1367 547 1428 licet
562 1367 693 1428 Domino
719 1369 773 1427 deo
792 1387 846 1428 suo
865 1387 950 1429 saura
965 1367 1064 1426 facere
1080 1367 1137 1427 sibi
1159 1365 1293 1427 videren-

190 1479 249 1528 tur.
274 1469 357 1546 Ergo
376 1469 532 1530 conversio
549 1470 627 1528 seria
644 1477 673 1528 et
690 1469 805 1529 sincera
821 1469 914 1530 solius
931 1470 994 1528 fere
1009 1469 1088 1546 regis
1101 1477 1180 1542 erat,
1198 1487 1294 1546 popu·

189 1571 237 1630 lus
258 1579 411 1629 externam
429 1568 543 1630 tantam
560 1571 680 1646 pietatis
698 1571 825 1647 speciem
843 1571 894 1629 vix
913 1589 949 1630 ac
972 1591 1009 1629 ne
1026 1570 1078 1628 viu
1101 1569 1219 1647 quidem
1240 1569 1293 1628 ad·

190 1671 351 1744 miserunt,
376 1679 406 1729 et
422 1679 539 1730 mortuo
556 1672 712 1744 Musaeus,
735 1688 801 1730 cum
818 1671 874 1731 LV
890 1689 985 1731 annos
1007 1678 1178 1748 regnasset,
1208 1667 1293 1745 immi

190 1773 244 1830 filii
260 1771 418 1830 Ammonis
437 1773 604 1849 exemplum
622 1773 715 1832 secuti
731 1772 835 1848 pronis
853 1771 960 1832 animis
980 1771 1012 1830 in
1029 1771 1155 1848 pristina
1175 1769 1294 1830 sacrile-

189 1871 240 1950 gia
255 1872 431 1930 reciderunt.

241 1971 310 2032 Huc
327 1973 511 2032 referendum
529 1981 588 2046 est,
612 1973 692 2051 quod
714 1974 744 2031 in
762 1973 846 2033 libris
864 1992 966 2050 regum
990 1975 1027 2032 de
1044 1972 1212 2032 calamitate
1228 1971 1292 2050 Ma·

190 2075 288 2134 nassis
306 2083 335 2134 et
352 2074 545 2134 conversione
562 2075 635 2132 nihil
652 2074 772 2136 omnino
790 2075 912 2152 legitur,
932 2074 1042 2153 quippe
1055 2093 1133 2152 quae
1144 2075 1184 2132 ad
1196 2074 1292 2150 ipsam

189 2176 268 2253 regis
285 2193 444 2251 personam
462 2176 578 2251 potius,
597 2193 686 2253 quam
700 2177 742 2234 ed
762 2176 930 2236 uniuersam
947 2176 1042 2252 gentis
1059 2183 1186 2234 mentem
1202 2174 1293 2250 perti·

190 2275 314 2334 nuerit².
350 2275 464 2350 Quare,
488 2294 554 2335 cum
571 2283 678 2352 postea
700 2277 736 2334 de
754 2275 852 2335 exsilii
869 2276 1047 2354 Babylonici
1072 2276 1185 2336 caussis
1203 2295 1292 2352 quae·

191 2384 321 2450 reretur,
345 2395 410 2434 cnm
438 2377 538 2435 omnia
562 2377 682 2434 omnino
705 2386 827 2452 peccata
844 2397 898 2453 per
915 2385 961 2435 tot
978 2377 1076 2436 secula
1093 2378 1130 2446 ab
1148 2376 1293 2436 Israelitis

149 2519 156 2528 ,
191 2478 364 2550 commissa,
383 2485 445 2535 tum
464 2497 534 2536 vero
552 2479 701 2536 horrenda
718 2477 868 2536 Manassis
884 2479 1019 2536 facinora
1035 2499 1054 2536 a
1070 2478 1224 2556 prophetis
1242 2497 1293 2534 ex·

191 2577 445 2656 probrabantur³3
473 2587 562 2656 atque
579 2578 654 2636 adeo
673 2578 861 2654 septuaginta
877 2598 973 2639 annos
989 2580 1075 2654 illos,
1100 2579 1208 2657 quibus
1225 2578 1294 2638 inde

191 2699 211 2738 a
227 2679 324 2755 primo
342 2679 490 2740 Manassis
508 2679 547 2738 ad
563 2679 682 2738 tertium
705 2679 848 2738 decimum
865 2680 963 2740 Iosiae
985 2699 1094 2740 annum
1117 2679 1294 2756 gravissimu

191 2789 400 2856 perpetrarant
415 2787 553 2856 peccata,
579 2779 768 2857 septuaginta
790 2799 936 2840 annorum
960 2781 1088 2841 servitus
1113 2789 1142 2840 et
1158 2779 1296 2840 exsilium

193 2880 409 2958 Babylonicum
428 2883 615 2941 subsecutum
633 2889 678 2940 est
685 2879 705 2938 ⁴.

476 3131 501 3208 t.
520 3134 546 3190 5.
572 3145 621 3196 na
639 3145 755 3198 nasus
772 3145 1012 3200 nssmronun.

259 3281 421 3357 Explicato
439 3281 616 3340 ludaeorum
633 3291 731 3357 statu,
757 3301 776 3343 a
801 3303 861 3362 quo
879 3285 1011 3346 vaticinii
1029 3286 1134 3344 edendi
1151 3304 1225 3346 ansa
1250 3305 1296 3344 re·

190 3382 320 3460 petenda
337 3390 396 3455 est,
421 3382 576 3442 dicendum
594 3383 683 3443 etiam
701 3393 746 3444 est
763 3385 905 3446 derebus
922 3386 1132 3465 Assyriorum,
1158 3388 1195 3447 ad
1221 3405 1296 3464 quas

191 3484 269 3544 vatis
296 3483 392 3541 oratio
418 3502 478 3542 non
502 3483 598 3544 minus
624 3485 760 3572 pertinet.
795 3487 852 3547 Est
876 3487 952 3547 enim
979 3488 1137 3546 tenendum
1167 3488 1296 3566 quidem,

191 3717 218 3760 et
236 3711 342 3760 arbitrtu
359 3711 412 3761 iam
431 3711 532 3761 videtur
550 3727 668 3776 vacasse,
693 3721 769 3778 atque
787 3714 852 3764 adso
871 3721 961 3764 contra
977 3718 1108 3780 utriusque
1127 3717 1199 3780 regni
1216 3716 1296 3778 impe-

191 3802 232 3844 tus
248 3809 305 3845 sese
323 3802 406 3846 tutum
423 3795 578 3859 reddidisse,
595 3813 628 3847 ns
643 3800 721 3851 simili
739 3816 820 3865 eoque
837 3803 956 3864 graviore
973 3815 1033 3852 casu
1043 3803 1137 3852 iterum
1150 3807 1295 3850 vexaretur.
1327 3849 1329 3853 ,

244 3879 270 3938 1)
289 3879 342 3929 cn.
361 3881 499 3948 2Paralip.
515 3883 653 3946 XXXHl,
671 3886 716 3948 153
734 3886 826 3952 2ng.
844 3886 954 3948 XXIII,
972 3889 1013 3935 ia.

246 3960 271 4023 2)
290 3963 343 4012 Cir.
360 3966 493 4017 Hauvnnu.
510 3968 579 4018 Eint.
597 3969 638 4031 ΙΙ,
657 3984 685 4031 a,
703 3983 727 4031 p.
741 3972 799 4021 223.
816 3971 914 4022 Ewanu
932 3971 950 4018 l.
962 3970 980 4019 l.
998 3985 1022 4034 p.
1037 3971 1096 4020 378.
1188 3975 1190 3979 ’

246 4046 345 4107 3).ctr.
363 4049 454 4102 Ierem.
473 4052 514 4116 II,
532 4054 574 4103 30.
592 4053 653 4114 XV,
669 4054 695 4103 4.
714 4053 802 4120 2Reg.
815 4057 925 4118 XXIII,
944 4055 967 4104 6.
984 4055 1087 4117 XXIV,
1104 4057 1128 4106 3.

192 4211 217 4262 Κ
245 4129 273 4191 4)
290 4131 427 4196 Ingeniosa
444 4138 510 4190 hano
527 4138 727 4191 vicissitudinem
743 4142 863 4205 exposuit
880 4140 992 4192 cassam
1009 4140 1072 4191 uber
1089 4141 1140 4191 den
1156 4155 1207 4204 syr.
1227 4139 1296 4205 ephr.

219 4215 273 4278 risg
290 4232 315 4281 p.
329 4221 369 4271 24.
