2954 4808
185 269 231 339 22
599 274 673 336 Oss.
685 275 716 348 I,
735 289 763 333 u.
777 277 870 332 u-tt

147 461 151 480 “
182 459 235 519 cfr.
252 459 318 518 lou.
331 459 391 533 111,
408 463 441 534 ις
459 457 549 520 Num.
563 457 665 534 XXV,
682 465 714 531 43
732 455 896 531 Iesxlss,
913 461 940 516 9.
959 460 1000 516 13.
1018 489 1055 503 -
1094 474 1167 534 sus
1181 483 1214 510 =
1227 455 1288 534 uus

181 559 260 636 (sun
273 585 308 610 =
321 562 426 640 unos)
441 562 478 620 de
494 579 589 638 equs,
614 560 651 619 de
671 560 718 618 irs
739 579 829 636 saepe
845 557 953 636 legitur
969 557 1079 618 dictum
1096 559 1196 618 iPsr.
1211 560 1284 634 XII,

181 666 214 733 73
237 660 340 719 Ierem,
353 660 427 735 IIII,
452 667 500 733 203
524 661 628 734 XLII,
653 660 715 733 183·
732 661 786 719 cfr.
807 660 862 718 En.
881 657 943 732 IX,
967 663 984 718 8
992 680 1002 732 ;
1027 661 1124 736 Apoc.
1144 659 1234 732 XVI,
1260 667 1284 719 1.

182 760 324 835 „Effundi
346 761 393 821 bio
415 762 489 821 nihil
506 761 588 822 uliud
611 771 656 820 est
678 780 767 839 quum
782 761 872 837 longe
893 760 1012 838 lateque
1033 760 1179 838 dispergi3
1201 775 1286 837 grus·

181 869 265 922 ssusr
287 871 451 936 momento,
481 882 518 922 ec
544 860 572 921 si
599 861 676 939 ignis
705 869 800 920 totum
823 861 930 920 silvam
954 860 1150 938 corriperet.“'
1190 859 1286 920 Gsnv.

180 961 271 1022 LXX
287 961 374 1020 aliter
388 963 496 1040 legisse
512 962 682 1039 suspicandi
699 969 782 1035 sunt,
807 961 934 1020 reddunt
950 961 1028 1020 enim
1054 952 1150 1042 τήκει
1171 945 1284 1042 ἔρχας,

181 1063 276 1122 Arob.
299 1063 451 1140 liquefacit
472 1063 639 1140 principes,
663 1063 799 1139 legerunt
823 1079 894 1138 ergo
916 1066 988 1120 uitet
1010 1075 1095 1150 unffi
1116 1081 1175 1139 pro
1201 1079 1284 1152 ugus

182 1171 271 1248 utun.
313 1163 431 1240 Rupes,
461 1183 539 1242 quse
560 1182 616 1240 pro
643 1163 801 1222 inaccessis
824 1162 970 1222 habentur
997 1162 1200 1237 munimentis,
1231 1143 1285 1223 alr.

181 1264 233 1323 Ps.
247 1263 369 1336 XVIII,
386 1268 419 1337 3,
438 1264 593 1322 diruuntur
605 1264 644 1322 ob
662 1283 707 1336 eo,
727 1281 779 1322 sen
795 1281 868 1339 pree
885 1281 937 1334 eo,
959 1277 1053 1336 tubo,
1069 1262 1090 1320 i.
1109 1282 1134 1321 e.
1151 1283 1224 1340 prae
1240 1265 1285 1322 iu-

181 1381 267 1424 cessu
284 1363 346 1424 eius
364 1373 394 1423 et
408 1364 626 1440 increpatione,
651 1364 703 1424 cfr.
721 1363 825 1424 Ierem.
838 1362 964 1435 XXIII,
982 1365 1025 1420 29.
1059 1363 1211 1424 Vertiruus
1229 1384 1286 1426 nos

183 1482 295 1541 „rupes
310 1463 417 1542 'ruptae
433 1469 533 1538 sunt“,
551 1472 585 1524 ut
600 1463 841 1542 paronomasism
857 1461 1020 1536 imitemur,
1039 1481 1117 1541 quse
1131 1464 1287 1524 intercedit

181 1566 259 1625 inter
280 1581 377 1644 urus,
399 1579 493 1644 irus,
517 1573 547 1624 et
565 1580 698 1644 moiun,
720 1571 879 1640 praeeunte
893 1563 1059 1622 Msususo.

232 1652 354 1739 „Teuta
369 1665 459 1742 igitur
475 1669 544 1724 cum'
558 1665 597 1724 sit
612 1665 661 1724 dei
676 1664 819 1742 potentis,
836 1671 872 1723 ut
884 1682 949 1724 estu
961 1683 1000 1721 ne
1009 1663 1207 1726 solidissimae
1220 1667 1286 1744 qui-

183 1767 249 1826 dem
266 1765 367 1824 mundi
390 1775 492 1841 partes
516 1766 668 1824 sustinere
681 1765 815 1842 possint,
839 1783 918 1823 num>
932 1763 975 1822 illi
992 1783 1047 1824 vos
1064 1763 1218 1824 Ninivitas
1238 1787 1288 1826 ne-

181 1867 287 1926 sistere
302 1863 458 1941 poteritis?
485 1883 555 1924 num
573 1885 628 1926 vos
644 1867 787 1926 adversus
803 1866 887 1924 illum
905 1864 1006 1936 muris,
1024 1864 1126 1938 fossis,
1144 1867 1286 1940 sumbus,

181 1963 337 2043 praesidiIs
359 1966 402 2026 its
423 1965 585 2026 instructos
602 1967 731 2043 putatis,
756 1975 790 2024 ut
811 1965 893 2024 illins
906 1965 1131 2040 impressionem
1147 1967 1286 2026 hostilem

181 2074 316 2126 evertere
332 2067 479 2143 possitis?
522 2065 602 2141 Quid
625 2067 702 2126 enim
724 2065 882 2124 homuncio
907 2064 1043 2124 mortalis
1060 2069 1138 2124 etc“
1180 2064 1286 2136 Gunt-

181 2183 301 2226 tunsus
324 2167 403 2226 hom.
417 2167 449 2224 11
472 2165 620 2226 in'Nsch.
664 2165 714 2228 Sic
737 2165 895 2226 nostruin
925 2173 1070 2225 commate
1093 2166 1131 2224 ab
1156 2167 1286 2227 universi

180 2267 280 2326 iudicii
297 2267 493 2345 descriptione
509 2267 651 2326 transitus
675 2269 709 2326 fit
725 2267 765 2326 ud
789 2265 916 2342 speciem
934 2264 1082 2326 vindictae
1097 2265 1134 2324 de
1150 2268 1287 2346 Assyriis

182 2369 341 2428 sumendae
356 2367 616 2442 praeformcndsm
634 2387 662 2426 v.
678 2369 772 2424 7-11.

601 2711 646 2781 B.
687 2733 723 2780 v.
744 2711 865 2782 7-11.

231 2865 342 2926 Verum
372 2864 520 2930 enimvero
551 2865 667 2927 iudiciis
697 2867 760 2928 suis
788 2866 960 2928 exercendis
983 2864 1131 2928 Dominus
1163 2885 1226 2926 non
1254 2868 1286 2926 id

179 2968 276 3030 solum
293 2967 397 3041 efficit,
411 2977 447 3026 ut
464 2967 692 3046 exsh'uguuntur
708 2966 851 3042 malefici,
875 2967 928 3027 sed
944 2965 1033 3027 etium
1049 2975 1084 3027 ut
1099 2966 1285 3027 vindicentur

178 3069 231 3146 piis
270 3066 436 3146 Utrumque
451 3067 511 3128 iam
528 3069 719 3145 sequentibus
736 3068 897 3144 exponitur
914 3069 1067 3142 versibus,
1089 3067 1148 3141 its,
1173 3077 1208 3126 ut
1224 3071 1284 3127 ui

178 3177 286 3246 egetur
299 3169 339 3227 do
354 3169 426 3244 piis,
449 3172 510 3227 1κὸ
532 3169 568 3227 de
591 3169 750 3242 hostibus,
770 3173 830 3228 ut
845 3169 883 3228 de
899 3168 1049 3246 utrisque,
1073 3153 1105 3228 v,
1117 3173 1150 3226 10
1166 3173 1284 3229 rursum

178 3269 215 3328 de
231 3269 382 3340 hostibus,
400 3287 428 3326 s.
444 3273 474 3325 ll
493 3268 530 3326 de
545 3269 613 3344 piis.
638 3269 758 3346 Vindex
775 3269 856 3328 enim
868 3279 900 3329 et
914 3268 1010 3328 iustus
1026 3269 1118 3327 iudex
1135 3267 1285 3329 Doudnus

177 3377 223 3428 est
239 3367 336 3428 bonus
352 3369 445 3440 idem,
469 3387 523 3426 nee
540 3369 672 3428 destituit
689 3386 756 3442 eos,
779 3370 831 3448 qui
853 3388 938 3429 suum
959 3369 991 3426 in
1015 3388 1050 3427 eo
1072 3369 1211 3428 fiduciam
1227 3387 1284 3446 po·

177 3477 251 3528 nunt
269 3488 301 3526 v.
315 3473 348 3540 73
379 3467 491 3526 Ninum
515 3478 629 3543 cutem,
655 3470 742 3542 sicuti
761 3469 870 3530 hostes
901 3487 971 3530 suos
1002 3487 1123 3542 omnes,
1144 3470 1285 3534 sendus

177 3568 341 3646 exstinguit
357 3587 385 3627 v.
397 3573 423 3628 8.
470 3567 571 3643 Quare
586 3589 623 3628 nc
640 3568 762 3628 thnesut
777 3569 896 3644 Iu'dsei‘,
921 3589 961 3627 ne
975 3575 1120 3628 vexentur
1128 3588 1227 3646 porro
1244 3571 1283 3629 ab
1316 3563 1320 3572 ¹

176 3669 328 3748 Assyriis,
355 3687 422 3728 cum
440 3670 528 3742 deus,
555 3669 676 3746 siquos
698 3669 821 3742 evertit,
843 3671 1070 3746 impersurus,
1096 3678 1129 3728 ut
1150 3671 1284 3729 funditus

176 3771 330 3831 interuent-
343 3789 372 3828 v.
386 3775 419 3843 93
447 3789 516 3829 nem
531 3770 581 3828 uel
603 3769 755 3844 spinarum
779 3769 877 3830 instar
892 3769 1053 3846 perplexos
1070 3769 1144 3829 illus.
1162 3769 1294 3846 necopi-=

176 3879 250 3930 nuto
271 3870 310 3930 od
339 3889 427 3932 unum
451 3889 553 3928 omnes
571 3869 810 3938 ,consuntitfuoit
832 3891 860 3930 v.
881 3874 930 3944 10,
957 3869 1057 3940 itaut
1080 3869 1222 3929 liberetur
1243 3869 1285 3928 ab

176 3989 355 4048 oppressore
370 3971 490 4028 Indoou.
524 3989 553 4028 v.
570 3975 613 4029 11.
888 3973 890 3980 ’

228 4070 366 4130 Ceterum
383 4071 518 4128 omittere
539 4069 712 4149 nequimus,
733 4069 947 4130 sententiarum
963 4069 1138 4129 venustem
1162 4087 1284 4146 compo·

176 4172 283 4230 sitione
300 4171 389 4230 etism
404 4189 542 4230 versuum
559 4179 589 4230 ct
604 4189 726 4231 numero
744 4171 896 4246 prneclnre
917 4170 949 4229 in
971 4169 1029 4228 hoc
1045 4169 1143 4245 cupite
1159 4187 1283 4246 expres-

176 4289 241 4330 som
257 4273 430 4346 apparere*
446 4270 550 4331 Primo
565 4271 642 4330 enim
660 4271 748 4349 qussi
764 4271 912 4348 stropha,
923 4290 951 4328 v.
966 4274 1054 4342 2--6,
1073 4269 1162 4328 sicuti
1177 4269 1282 4342 altero,
