2954 4784
627 177 703 238 One.
716 179 771 238 Ill.
791 197 819 238 r.
832 184 858 238 3.
1257 175 1301 244 91

195 368 321 442 facian,
339 373 368 422 et
376 365 497 439 flamma
507 361 611 437 qlodii,
629 363 761 438 etsalpar
777 364 876 422 lastae
893 397 929 406 -
947 371 974 422 ct
985 363 1131 420 multitudo
1149 364 1302 422 troadam-

172 458 174 462 ¹
201 485 273 536 ram,
296 472 329 523 'et
345 483 448 539 mapua
465 464 710 538 copicsuaeram
736 483 786 523 nac
802 467 869 540 ficia
892 473 933 522 cst
955 464 1136 532 caducarum,
1161 464 1307 536 offendunt

202 571 233 626 ι’νι
250 565 432 624 caducarius
449 583 551 622 corona
568 597 606 606 -
627 562 714 627 nino
741 582 818 625 mun.
854 564 957 623 Mirari
985 564 1079 635 subit,
1110 564 1183 640 quid
1206 563 1305 636 fuerit,

203 667 284 744 qnod
301 666 332 724 in
349 675 411 724 tam
434 664 561 741 simplici
584 664 699 724 dicendi
722 683 829 742 genere
853 673 1008 741 tantopere
1029 664 1195 723 laborarint
1217 663 1306 722 iuter-

201 776 316 844 pretes:
333 765 473 824 facillime
489 784 551 824 vox
568 765 611 824 ita
627 765 778 828 redditur:
803 783 885 841 eques
901 765 1049 824 oscendere
1060 766 1194 839 sociam
1218 784 1306 841 quern

203 867 295 926 faciat
311 865 484 938 ascendere,
504 864 665 943 quaeritari
682 866 733 924 diu
750 867 870 944 nequit:
888 885 996 943 equum
1009 865 1162 938 nimirum,
1181 883 1248 923 cum
1261 864 1306 923 in-

203 968 291 1028 sistat
307 965 488 1038 calcaribus,
513 966 688 1040 praesertim
711 967 750 1024 ad
774 967 917 1043 impetum
941 966 973 1024 in
996 965 1098 1024 hostes
1121 965 1305 1038 faciendum

203 1069 293 1146 idque
309 1068 408 1128 nescio
426 1067 576 1143 quomodo
593 1085 727 1144 pugnare
744 1085 810 1125 cum
827 1087 907 1124 nexu
933 1065 1144 1125 sententiarum
1161 1066 1305 1124 videatur.

203 1169 310 1242 Recte,
328 1177 362 1226 ut
378 1166 464 1226 nobis
483 1165 615 1240 videtur,
638 1167 696 1224 hoc
712 1167 775 1225 fere
792 1167 881 1225 modo
898 1164 1084 1242 interpretati
1095 1147 1170 1224 'suut
1187 1163 1305 1224 (lusan.

204 1269 295 1341 thes,
319 1268 438 1342 Murra,
467 1265 632 1340 Hennam,
662 1268 853 1344 quantumvis
875 1285 911 1326 eo
933 1265 1101 1343 peccaverit
1122 1265 1305 1338 Manassae,

205 1369 285 1446 qnod
315 1387 420 1446 eqnem
449 1386 506 1443 pro
536 1387 613 1445 equo
644 1368 754 1434 dictum
777 1366 994 1428 existimaverit
1015 1365 1060 1442 (id
1074 1351 1166 1442 ¹quod
1189 1365 1305 1424 admitti

204 1468 286 1528 nullo
303 1469 392 1527 modo
411 1453 501 1545 pdsse
517 1469 657 1544 probavit
673 1467 861 1526 Dnnrrzscn.
878 1468 918 1526 ad
935 1467 1014 1525 Hab.
1032 1486 1062 1542 p.
1078 1467 1139 1543 13),
1157 1474 1186 1524 et
1203 1485 1304 1526 ascen·

205 1570 275 1628 dere
290 1587 347 1646 pro
365 1569 458 1628 altum
474 1569 582 1629 facere.
605 1569 670 1628 Iam
688 1587 759 1626 vero
777 1587 793 1627 e
811 1567 1022 1644 multiplicibus
1033 1565 1227 1641 interpretum
1240 1585 1307 1626 sen·

204 1668 320 1742 tentiis,
345 1687 411 1728 cum
428 1669 503 1730 satis
519 1687 630 1746 magna
645 1668 687 1726 rei
704 1687 766 1726 uon
783 1668 823 1728 sit
840 1668 987 1744 gravitas,
1010 1667 1169 1726 nonnullas
1192 1674 1307 1726 tantum

204 1769 473 1830 recensebimusl
460 1768 698 1847 1)Ιιιῑιιιιιείιίιο
716 1787 804 1829 sensu
820 1768 903 1827 vocis
920 1768 1072 1827 notionem
1097 1775 1308 1842 expresserunt

204 1858 321 1928 LXX‘
310 1861 444 1941 ιππὲως
464 1857 711 1948 ἀναβαίνοντος,
725 1869 814 1945 Vulg.
827 1867 947 1942 Unam,
960 1867 1069 1940 Hira,
1084 1885 1173 1927 seusu
1186 1867 1310 1927 omnino

204 1969 324 2046 quidem
339 1979 511 2046 perspecto,
535 1972 669 2048 neglecta
691 1980 790 2029 tamen
812 1969 895 2029 verbi
917 1969 1024 2026 forma.
1059 1966 1141 2027 Nam
1159 1975 1236 2042 part.
1254 1967 1307 2028 Hi.

204 2076 304 2146 potest
321 2070 439 2148 quidem
456 2072 586 2130 abirem
603 2079 781 2148 potestatem
797 2069 819 2128 f.
832 2069 912 2142 Kal,
930 2069 1020 2127 modo
1038 2067 1158 2126 omnino
1174 2086 1239 2126 eam
1253 2068 1308 2126 ha·

204 2171 274 2230 beat
290 2171 311 2229 f.
329 2170 453 2245 Hiphil;
470 2180 589 2232 atvero
617 2170 703 2234 usna
730 2170 841 2247 ubique
857 2168 1013 2230 transitive
1030 2167 1172 2227 usitatum
1188 2167 1306 2244 legitur,

204 2289 298 2348 quare
314 2270 410 2329 solum
427 2280 522 2346 part,
540 2272 598 2330 nisi
616 2282 737 2347 urgente
753 2269 945 2342 necessitate,
963 2269 1002 2328 ab
1018 2269 1076 2326 hac
1091 2266 1194 2343 regula
1208 2267 1307 2343 excipi

204 2371 316 2447 nequit.
343 2370 469 2430 Frustra
491 2371 523 2430 in
545 2372 603 2430 hoc
627 2389 733 2447 genere
754 2369 844 2428 Hrrz.
868 2370 996 2429 advocat
1017 2368 1122 2426 Ierem.
1140 2367 1262 2440 XLVI,
1278 2373 1306 2440 4,

204 2471 256 2530 ubi
273 2491 353 2530 mere
368 2471 494 2530 habetur
510 2488 631 2532 urrunnu
659 2466 724 2545 ibn,
748 2469 899 2530 ascendite
921 2469 1036 2547 equites
1060 2467 1104 2544 (in
1130 2468 1251 2545 equos)l
1279 2477 1309 2526 et

205 2571 293 2630 Mich.
302 2571 357 2644 ΙΙΙ,
372 2575 389 2628 'l
405 2571 457 2630 ubi
469 2591 529 2631 non
541 2573 666 2649 legimus
678 2581 756 2649 part.
774 2570 827 2630 sed
840 2577 908 2630 stet
922 2577 1032 2629 constr.
1052 2583 1138 2656 ruga
1152 2568 1308 2643 responsio

204 2671 267 2743 dei;
291 2690 327 2730 ac
348 2691 385 2729 ne
410 2673 476 2748 quis
498 2691 553 2749 per
576 2674 682 2732 calami
708 2669 925 2731 aberrationem
942 2670 1016 2728 Zere
1041 2668 1172 2744 positum
1189 2668 1309 2728 cavillet

203 2789 261 2848 pro
280 2770 384 2848 Segcl‚
409 2771 460 2830 Hi.
487 2793 514 2831 a.
533 2793 561 2832 v.
593 2789 655 2836 nnn
684 2791 831 2848 nusquam
847 2770 1043 2846 respondere,
1068 2768 1120 2828 sed
1139 2769 1308 2844 opprimere

203 2872 295 2930 audit.
327 2873 358 2949 2)
375 2871 575 2932 Transitivam
594 2851 745 2934 notionem
768 2871 848 2930 hand
871 2871 964 2946 probe
987 2876 1181 2944 perceperunt
1203 2869 1235 2945 a)
1253 2868 1306 2945 qui

204 2971 302 3030 Deum
321 2978 487 3030 statuerunt
503 2992 569 3033 esse
585 2974 748 3035 subiectum
766 2970 955 3047 cogitationi,
980 2967 1071 3028 veluti
1093 2968 1117 3025 Ι.
1135 2967 1176 3024 Η.
1195 2968 1306 3028 Mron.=

205 3072 390 3149 „equitatum
413 3073 542 3131 hostium
566 3075 747 3133 adducturus
771 3080 816 3131 est
839 3072 955 3142 deus,“
986 3069 1053 3126 coll.
1076 3068 1133 3126 Ies.
1157 3067 1248 3140 VIH,
1273 3073 1307 3140 73

204 3172 261 3230 Ier.
278 3172 321 3245 L,
340 3177 374 3245 93
391 3180 424 3230 at
439 3172 508 3231 licet
528 3167 593 3236 uby
612 3175 692 3232 haud
713 3191 782 3230 raro
806 3171 843 3228 de
868 3170 1004 3228 hostibus
1026 3168 1057 3226 in
1074 3176 1183 3226 terram
1200 3167 1308 3226 irrum-

205 3271 343 3348 pentibus
361 3271 419 3330 dici
440 3270 599 3332 viderimus
617 3275 657 3334 ad
673 3274 719 3344 ΙΙ,
738 3277 772 3345 2,
791 3271 864 3329 nihil
881 3267 927 3330 <ist
944 3279 1042 3330 tamen
1060 3268 1090 3326 in
1109 3269 1308 3328 antecedenti·

206 3373 262 3432 bus
278 3380 308 3431 et
325 3372 532 3449 sequentibus,
556 3393 616 3450 quo
639 3376 676 3433 de
698 3374 754 3432 deo
778 3371 902 3430 eundem
925 3371 957 3428 in
979 3370 1100 3428 modum
1118 3369 1306 3444 cogitandum

205 3491 377 3532 moneamur
393 3491 429 3531 ac
443 3473 493 3546 ΙΙ,
511 3479 537 3532 4.
564 3473 598 3550 b)
615 3475 774 3533 Krncfflns
791 3472 840 3530 all.
859 3471 1006 3531 obiectum
1035 3488 1199 3547 perperam.
1216 3488 1307 3546 quae·

205 3574 311 3633 rebant
326 3573 358 3630 in
374 3593 422 3632 vv.
443 3591 487 3640 ur
514 3568 606 3647 nubi,
625 3574 783 3635 secundnm
799 3571 923 3632 latinum
941 3588 1034 3647 genus
1045 3569 1161 3628 dicendi
1179 3578 1208 3628 et
1226 3601 1247 3612 -
1267 3578 1306 3640 et,

206 3673 273 3732 coll.
292 3671 368 3732 Gen.
386 3673 497 3746 XXII,
514 3677 531 3731 4
552 3690 617 3739 auat
641 3689 716 3739 nunti
738 3707 772 3716 -
791 3673 822 3730 id
839 3674 919 3748 quod
931 3669 1097 3746 comparari
1112 3667 1233 3726 omnino
1246 3687 1307 3726 non

206 3792 305 3850 posse,
320 3773 372 3831 vix
386 3774 504 3833 debebit
518 3775 623 3834 notari.
651 3777 680 3850 c)
698 3775 845 3833 Restabat
861 3781 894 3830 ut
913 3769 1109 3846 supplendum
1131 3767 1246 3844 aliquid
1262 3768 1307 3826 vi-

207 3875 334 3947 deretur,
352 3893 381 3932 v.
400 3893 425 3934 c.
443 3875 601 3934 ascendere
617 3875 729 3934 faciens
748 3893 785 3934 se
791 3895 801 3945 3
819 3872 891 3950 quid
908 3891 995 3943 vero,
1013 3887 1141 3948 quaeso,
1160 3887 1220 3926 non
1234 3868 1307 3928 scri·

180 4044 185 4054 ²
206 3975 267 4050 psit
284 3983 367 4034 vates
389 3968 473 4051 sibit?
490 3976 587 4052 Magis
604 3974 824 4034 commendatur
836 3974 969 4032 Ewannr
986 3969 1147 4048 disputatio
1165 3970 1195 4028 in
1213 3989 1305 4028 anuo·

206 4076 369 4134 talionibus
387 4053 540 4152 exposita:
574 4072 686 4147 „abun
712 4075 826 4134 scheint
848 4073 893 4134 als
915 4072 1129 4149 kriegerischcr
1146 4070 1306 4131 Ausdruck

207 4176 261 4234 das
278 4175 437 4236 Aufheben
455 4177 507 4236 der
524 4176 658 4251 Waffen,
684 4178 738 4237 das
762 4174 825 4235 sich
850 4194 917 4236 zum
935 4172 1066 4250 Kampsa
1090 4171 1182 4232 bereit
1205 4171 1304 4232 hulten
