2954 4808
204 217 302 262 xnvns
351 276 353 281 ,
553 200 797 260 Pnounuourus.
824 177 897 258 Car.
916 197 955 256 Il.

204 388 436 448 Dercedatarum
459 385 589 456 familia,
613 405 704 462 penes
728 405 818 462 quarn
841 405 859 444 a
879 383 961 442 Nino
978 382 1047 440 inde
1064 391 1094 441 et
1114 379 1308 441 Semiramide

205 509 319 550 summa
336 490 434 546 rerurh
451 487 562 560 fuerat,
581 487 634 544 illo
652 496 786 562 tempore
813 505 878 545 esse
902 485 1063 556 exstincta,
1094 501 1160 542 cum
1184 483 1307 541 Balate-

204 610 254 649 ras
279 589 399 667 quidam
424 586 557 646 ultimum
588 606 702 664 regem,
734 607 821 664 quem
851 586 982 646 Ornsras
1012 584 1144 660 appellat
1174 585 1306 656 Beleum,

203 691 346 749 Bnaosus
363 697 461 748 autem
474 687 650 761 Belochum,
668 707 760 765 regno
779 687 896 746 eiiceret
913 696 942 745 et
958 705 1056 744 rerum
1068 685 1135 760 ipse
1151 685 1306 760 potiretur.

204 790 266 852 Sub
289 807 368 848 nova
391 799 489 848 autem
506 790 659 865 dynastia,
686 809 762 866 quae
779 790 818 846 ad
836 808 859 846 s.
878 787 953 845 VIII
960 786 997 814 ¹¹¹*
1012 805 1107 863 usque
1124 785 1308 844 continenter

203 890 354 968 regnavit,
378 891 451 948 fines
474 890 606 965 imperii,
632 889 793 949 domestico
818 888 880 946 fere
904 889 1016 946 ambitu
1040 895 1194 962 superato,
1218 903 1307 962 auge-

203 993 311 1050 bantur
341 991 478 1066 deinceps
507 1000 596 1068 atque
626 991 897 1066 amplificabantur,
930 987 1024 1046 donec
1055 1006 1090 1046 eo
1120 987 1309 1064 profecerant

203 1092 341 1170 Assyrii,
360 1100 394 1150 ut
410 1110 525 1150 summa
543 1093 579 1149 de
597 1093 668 1150 orbe
685 1100 829 1150 terrarum
846 1090 979 1166 potentia
995 1088 1165 1166 gauderent.
1197 1087 1308 1146 Primis

205 1202 303 1252 autem
327 1192 409 1250 illino
432 1193 537 1251 seculis
562 1201 614 1250 aut
640 1192 754 1251 tardius
778 1191 898 1250 omnino
921 1189 1073 1267 progressi
1096 1189 1232 1250 videntur
1256 1197 1308 1247 aut

205 1295 348 1352 orientem
370 1301 483 1351 tantum
507 1313 610 1353 versus
633 1292 766 1352 victricia
788 1291 949 1369 protulisse
971 1310 1071 1361 arma;
1100 1289 1306 1365 nequeenim,

205 1393 263 1454 nisi
287 1395 331 1452 ita
349 1402 442 1466 esset,
466 1393 593 1452 Davidis
617 1403 646 1452 et
663 1392 831 1454 Salomonis
856 1411 977 1468 regnum
993 1400 1054 1450 tam
1072 1389 1210 1463 feliciter,
1234 1389 1308 1448 nihil

205 1495 279 1572 ipsis
296 1495 531 1571 refragantibus,
551 1494 589 1552 ad
606 1495 789 1572 Euphratem
807 1493 901 1572 usque
924 1493 1070 1570 potuisset
1094 1491 1203 1568 augeri.
1227 1491 1307 1549 Fieri

204 1606 302 1655 autem
320 1615 380 1654 non
397 1604 530 1671 poterat,
556 1595 628 1672 quin
645 1595 845 1654 occidentem¹
862 1615 982 1672 quoque
998 1600 1132 1670 peterent
1155 1599 1184 1650 et
1202 1589 1307 1669 Syriae

203 1697 292 1756 etiam
310 1705 339 1754 et
355 1697 543 1755 Palaestinae
561 1715 643 1754 arma
658 1697 815 1768 inferrent,
838 1705 927 1773 atque
952 1696 1025 1754 adeo
1050 1694 1088 1752 ad
1105 1692 1307 1753 Israelilarum

179 1861 182 1882 ‚
204 1799 268 1856 fata
284 1815 463 1874 magnopere
481 1797 670 1872 pertinerent.
699 1796 749 1856 Sic
765 1797 878 1873 primus
904 1797 1050 1864 omniurn,
1073 1794 1099 1852 si
1123 1793 1207 1851 cunei
1228 1801 1306 1852 recte

203 1899 348 1958 enucleati
366 1905 449 1970 sunt,
478 1897 550 1955 Iehu
572 1897 799 1957 bellicosissimo
817 1897 880 1973 regi
896 1897 955 1971 illi,
980 1895 1030 1972 qui
1056 1895 1088 1952 in
1105 1902 1204 1953 statua
1220 1893 1306 1952 Nim-

204 2001 325 2059 rudensi
342 1999 437 2057 fastos
455 2017 525 2057 suos
544 1999 701 2074 expressit,
719 1997 940 2072 Divanubarae,
958 1995 1038 2054 dona
1051 1994 1209 2072 pertulisse
1226 1995 1306 2053 vide-

204 2101 280 2160 turl.
306 2103 350 2158 At
367 2119 426 2178 quo
444 2099 539 2175 magis
556 2099 749 2175 Assyriorum
767 2100 930 2175 augebatur
947 2097 1081 2174 potentia
1099 2105 1188 2173 atque
1205 2115 1306 2172 super-

204 2227 404 2238 .,..........-.........

258 2303 282 2361 ll
298 2303 373 2353 Bello
392 2303 505 2352 Troiano
524 2303 689 2352 Memnonem
707 2303 738 2352 ah
758 2304 924 2367 Assyriorum
942 2317 1001 2367 rege
1020 2303 1145 2351 Teutamo
1162 2315 1218 2350 oum
1232 2303 1306 2350 auxi-

203 2390 244 2438 liis
262 2389 367 2438 misrum
383 2387 531 2436 interfuisse
548 2387 627 2437 tradit
644 2388 754 2437 Dronon.
772 2387 832 2437 bibl.
852 2388 892 2449 ΙΙ,
911 2389 957 2450 223
974 2388 1054 2452 quid?
1072 2387 1140 2451 quod
1153 2386 1237 2436 Patro
1253 2386 1304 2448 leg.

202 2473 259 2533 III,
282 2473 331 2522 685
355 2479 387 2519 ct.
424 2471 565 2520 Troianum
587 2487 694 2536 regnum
716 2471 847 2534 Assyriaci
868 2473 969 2536 imperii
992 2467 1094 2538 μόριον
1116 2472 1194 2521 fuisse
1217 2471 1304 2532 docet;

203 2560 346 2608 Assaracus
363 2563 461 2618 autem,
479 2555 575 2606 Priami
593 2557 744 2620 avunculus,
763 2559 854 2608 summi
871 2557 983 2608 numinis
1000 2571 1094 2606 nomen
1111 2557 1198 2605 refert.
1223 2557 1303 2620 Assy·

203 2643 255 2691 rios
273 2643 377 2690 omnino
396 2641 594 2691 adAsianarum
612 2644 725 2705 gentium
743 2650 769 2692 et
779 2643 936 2693 Graecorum
953 2643 1105 2704 praesertim
1123 2649 1191 2690 artes
1209 2655 1304 2691 moras·

202 2741 252 2789 que
269 2727 468 2776 conformandos
484 2740 639 2790 magnopere
656 2728 824 2790 pertinuisse,
841 2727 997 2790 cumprime
1014 2727 1069 2775 fera
1082 2732 1304 2776 monumentorum

203 2817 307 2874 aspectu
322 2818 457 2876 appareat,
478 2817 532 2861 tum
551 2813 578 2860 in
595 2812 703 2861 clariore
721 2811 804 2861 indies
822 2811 877 2860 luce
895 2811 1063 2859 constituitur.

255 2896 281 2959 2)
297 2895 399 2945 Nomen
417 2897 499 2958 regis,
516 2897 559 2960 qui
577 2897 755 2959 gravissimum
766 2895 816 2945 hoc
826 2901 1018 2944 mouumentum
1030 2897 1129 2960 posuit,
1147 2909 1164 2944 a
1175 2894 1303 2944 Rawms.

203 2994 269 3030 nunc
286 2981 454 3030 Divanubara
471 2981 534 3046 legi,
552 2996 569 3030 a
586 2981 697 3032 Gaernr.
716 2979 905 3040 Shalmaneser,
923 2993 1000 3043 supra
1016 2981 1173 3042 monuimus3
1191 2979 1303 3028 referun-

202 3071 244 3112 tur
261 3071 347 3113 autem
364 3065 460 3114 XXXI
478 3079 603 3115 annorum
620 3073 705 3130 geste,
723 3077 789 3128 quae
807 3063 1001 3114 salmanassaro
1025 3065 1149 3130 impertiri
1167 3070 1304 3126 nequeunt,

202 3149 252 3198 nisi
269 3149 336 3197 forte
354 3147 525 3199 Sanherihum
546 3150 661 3212 regulum
680 3156 778 3198 tantum
799 3148 995 3198 salmanassaro
1017 3151 1146 3199 subditum
1168 3155 1259 3213 putare
1276 3149 1304 3197 in

203 3234 289 3282 animo
307 3238 359 3295 eet,
382 3234 409 3282 id
427 3234 495 3297 quod
514 3241 609 3283 temere
627 3234 731 3283 admisit
749 3234 924 3296 onerarem,
948 3235 1096 3298 opinionem
1113 3235 1166 3282 eins
1184 3233 1304 3286 refutavit

201 3317 307 3366 ΕΜ).
331 3317 446 3381 Setting.
470 3318 584 3382 gelehrte
606 3319 673 3366 Ana.
693 3320 775 3380 1851,
800 3318 838 3368 St.
848 3318 967 3367 tto-62.
1004 3319 1136 3380 Ceterum,
1163 3318 1303 3382 quicunque

200 3402 250 3451 fuit
273 3415 319 3450 rex
341 3403 384 3452 ille
407 3404 493 3466 (quem
515 3404 641 3454 stnms.
668 3403 777 3453 eundem
801 3418 856 3452 esse
880 3417 910 3452 ac
932 3402 1101 3464 Debboram,
1129 3417 1146 3453 a
1167 3403 1302 3454 Maononro

201 3494 426 3537 commemoratum
443 3492 562 3552 opinatur
580 3487 696 3538 Outlines
713 3505 738 3553 p.
750 3487 853 3549 XXIV)
871 3487 904 3536 de
922 3495 1007 3537 aetate
1025 3489 1078 3537 eius
1097 3505 1118 3539 o.
1138 3503 1162 3538 a
1181 3490 1231 3540 860
1252 3495 1302 3538 sta·

201 3572 297 3622 tuenda
313 3575 358 3622 rix
377 3572 544 3622 dubitandum
562 3579 614 3634 est,
633 3587 690 3621 eum
702 3573 826 3623 Charaila
838 3587 857 3623 s.
870 3573 979 3634 Hasael,
997 3573 1217 3624 Damascenorum
1233 3575 1303 3638 prin-

200 3673 273 3724 ceps,
291 3665 366 3720 atque
382 3657 506 3719 Ethbaal,
525 3657 692 3708 Sidoniorum
709 3673 770 3720 rex,
794 3659 964 3707 nominentur.
1000 3658 1094 3708 Altera
1111 3665 1196 3708 antem
1214 3673 1303 3707 eorum

197 3759 271 3808 pars,
290 3746 333 3804 qui
351 3743 420 3792 dona
436 3742 644 3806 splendidissima
661 3742 798 3792 afferentes
815 3743 966 3806 pinguntur,
985 3757 1037 3792 non
1054 3745 1138 3792 solum
1155 3756 1303 3807 expressum

141 3887 143 3895 Α
197 3826 374 3876 Israelitarum
396 3827 509 3877 habiturn
534 3827 686 3889 ostendunt,
709 3843 797 3877 verum
819 3841 913 3876 nomen
936 3829 1019 3891 regis,
1047 3843 1063 3877 a
1087 3841 1137 3890 quo
1160 3828 1302 3888 mittuntur,

197 3912 317 3961 Hmusrus
335 3913 410 3961 simul
427 3919 452 3960 et
463 3911 590 3978 Remus.
609 3912 739 3962 affirmant
756 3918 890 3960 exarcum
908 3927 977 3963 esse:
997 3913 1104 3974 „Yahua
1121 3914 1190 3962 lilius
1204 3911 1302 3960 Khum·

198 3996 289 4058 riya;“
307 3997 355 4045 fuit
372 3997 474 4057 quidem
490 3996 555 4044 Iehu
572 4012 625 4046 nou
642 3998 710 4046 filius
728 3995 814 4056 Omri,
833 3995 877 4044 sed
887 3996 1034 4061 Iosaphati,
1052 4005 1079 4046 et
1095 4012 1175 4062 nepos
1186 3996 1302 4058 Nimshi3

195 4087 223 4128 at
246 4081 313 4129 illius
336 4083 403 4130 forte
426 4081 493 4129 filius
516 4080 598 4131 dictus
622 4089 674 4144 ast,
698 4097 755 4130 cum
778 4079 848 4130 haud
866 4080 904 4129 ita
920 4081 1001 4130 multo
1018 4089 1077 4146 post
1094 4081 1226 4146 regnando
1244 4095 1302 4130 eum
1360 4137 1363 4143 .

194 4167 309 4234 excepit3
343 4164 461 4216 Samaria
484 4171 570 4216 autem
598 4165 624 4214 in
648 4166 762 4230 Assyriis
785 4165 867 4215 titulis
890 4165 955 4214 solat
985 4166 1109 4230 appellari
1130 4166 1197 4216 Beth
1221 4165 1301 4216 Omui.

194 4249 265 4297 Lihn'
284 4249 348 4314 sacri
365 4262 491 4310 nusquam
509 4251 620 4312 aliquam
638 4251 712 4299 huius
731 4251 792 4300 faeti
811 4252 960 4300 memoriam
979 4252 1112 4312 exhibeam
1132 4259 1219 4301 tamen
1231 4252 1301 4313 cogi-
