2954 4808
532 241 558 316 ᾗ.
576 245 601 297 3.
626 239 676 298 Da
694 256 815 298 inmun
833 236 974 299 Nsnuur.
1237 259 1296 304 xrn
1337 218 1339 224 ¹

194 434 252 482 tem
270 425 307 484 de
325 424 475 483 miraculis
493 425 555 482 eius
572 431 602 482 et
618 433 713 482 morte
730 424 780 482 illc
798 423 946 495 narravit,
970 442 1003 482 ea
1021 432 1142 500 apertae
1158 426 1297 485 videntur

193 524 312 582 fabulae
329 543 404 582 esse.
435 508 542 595 Οὗτος
561 517 645 600 μετὰ
671 517 728 584 τὸν
751 512 869 581 Ἰιυνᾶν
894 515 994 603 τέρας
1024 511 1145 583 ἔδωκεν
1171 520 1229 586 ἐπὶ
1254 523 1296 610 τῇ

194 615 327 696 Naevi,
351 614 404 683 ὅτι
425 613 491 684 ὑπὸ
514 613 642 684 ὑδάτων
664 615 809 703 γλυκέων
830 615 887 680 καὶ
910 613 1017 703 πυρὸς
1037 615 1187 702 ἐπιγείου
1208 613 1296 684 ἀπο-

191 719 353 782 τελεῖται·
378 709 398 784 ὃ
421 719 478 782 καὶ
493 715 637 802 γέγονεν·
662 711 681 802 ἡ
697 715 760 803 γὰρ
776 714 977 802 περιέχουσα
992 708 1093 801 αὐτὴν
1103 715 1201 804 λίμνη
1216 741 1296 782 κατ-

192 815 329 881 έκλυσεν
356 809 458 903 αὐτὴν
481 815 516 880 ἐν
546 813 688 901 ociossuo,
719 813 777 879 καὶ
806 817 873 902 πῦρ
900 813 937 880 ἐκ
963 816 1024 902 τῆς
1049 812 1175 902 ἐρήμου
1196 813 1295 880 ἐπελ-

193 911 256 980 θόν
271 910 378 980 πάντα
400 910 596 1001 ὑψηλότερα
612 909 714 1000 αὐτῆς
728 911 908 1001 ἐνέπρησεν
920 913 1017 1000 μέρη.
1044 907 1243 980 'Antidama
1258 915 1296 981 dd

195 1017 315 1096 Ναοῦμ
344 1013 378 1079 ἐν
407 1009 536 1101 εἰρήνῃ,
562 1013 620 1079 καὶ
646 1009 753 1100 ἐτάφη
782 1011 817 1078 εἰι
843 1015 885 1101 τῇ
911 1017 954 1101 γῇ
987 1008 1089 1080 αὐτοῦ
1119 1009 1292 1100 Βργαβάρ.

193 1122 245 1178 cfr.
263 1121 381 1180 Husrn
399 1121 559 1178 demonstr.
574 1119 705 1196 evangel.
719 1119 772 1193 IV,
785 1121 811 1197 ξ.
825 1123 851 1179 5.
877 1119 1046 1179 Canezovu
1059 1121 1172 1179 Introd.
1189 1140 1220 1195 p.
1233 1124 1293 1178 387.

78 1245 89 1268 ι
191 1221 225 1278 In
239 1221 455 1297 Martyrologio
468 1220 606 1277 Romano
619 1220 806 1279 Bethabarae
824 1228 957 1278 mortuus
972 1228 1064 1297 atque
1081 1221 1213 1296 sepultus
1230 1240 1296 1280 esse

193 1321 334 1395 traditur,
353 1330 383 1379 et
399 1319 539 1380 calendae
556 1318 735 1380 Decembres
753 1319 912 1379 memoriae
930 1320 992 1379 eins
1010 1329 1218 1380 consecrantur
1227 1320 1246 1378 ¹.

502 1572 527 1647 t.
543 1575 569 1629 3.
595 1584 645 1632 nn
663 1583 810 1632 muare
828 1582 985 1632 uanum,

141 1749 143 1753 ·
240 1721 304 1779 Iam
322 1740 392 1778 vero
410 1728 537 1779 aetatem
554 1718 684 1778 Nahumi
702 1717 867 1777 accuratius
884 1717 1083 1794 indagandam
1096 1719 1293 1794 aggredienti-

191 1823 246 1880 bus
270 1822 373 1895 ingens
397 1821 498 1879 statim
520 1839 569 1877 vv.
593 1819 641 1878 dd.
666 1819 793 1878 occurrit
819 1818 1025 1894 discrepantia
1067 1819 1186 1878 Accidit
1217 1819 1293 1878 enirn

190 1920 345 1991 Nahumo‚
371 1920 452 1996 quod
474 1919 526 1976 alii
548 1938 667 1996 quoquc
683 1920 846 1995 prophetae
863 1917 946 1994 passi
971 1927 1054 1988 sunt,
1080 1937 1128 1975 ex.
1146 1937 1189 1994 gr.
1210 1919 1293 1978 Oba·

191 2021 254 2094 dia,
272 2028 305 2078 ut
321 2039 375 2094 per
393 2039 480 2076 omne
496 2020 558 2078 fere
576 2027 705 2095 tempus,
725 2039 763 2077 ex
781 2037 840 2094 quo
859 2037 944 2078 sacra
965 2025 1066 2074 vatum
1084 2019 1205 2076 oracula
1221 2019 1293 2078 scri-

190 2129 242 2196 pto
260 2120 401 2178 mandata
418 2120 457 2177 ad
473 2128 610 2194 posteros
627 2125 840 2194 pervenerunt,
867 2116 992 2176 diversis
1016 2115 1208 2192 interpretum
1226 2138 1293 2178 sen-

190 2220 289 2279 tentiis
313 2220 360 2277 hic
383 2219 445 2277 illic
467 2238 538 2278 suus
561 2218 588 2275 ei
610 2217 693 2278 locus
719 2218 929 2294 assignaretur.
955 2215 1053 2290 Quid?
1077 2219 1158 2294 quod
1175 2219 1293 2277 fuerunt

190 2321 295 2392 etiam,
320 2319 371 2395 qui
389 2319 620 2378 vetustissimum
637 2318 767 2377 omnium
785 2318 998 2394 prophetarum
1014 2315 1155 2393 (quorum
1173 2319 1292 2395 quidem

189 2419 330 2480 vaticinia
347 2419 511 2494 perscripta
528 2419 610 2495 sunt)
627 2417 797 2477 Nahumum
815 2437 880 2476 esse
898 2425 1050 2476 censerent
1067 2417 1133 2492 (cfr.
1152 2419 1291 2476 Msacrm

190 2539 294 2578 comm.
313 2519 344 2575 in
361 2519 423 2576 XII
439 2519 572 2594 proph.),
592 2537 656 2577 cum
673 2519 754 2576 Innu
772 2527 801 2576 et
817 2519 965 2576 Ioscnssr
982 2533 1085 2592 regum
1102 2525 1199 2576 aetate
1215 2519 1292 2577 vati-

189 2621 318 2678 cinatum
336 2637 401 2678 esse
417 2626 629 2680 asseverarent.
650 2619 763 2676 Eorum
781 2626 896 2690 autem,
916 2617 967 2694 qui
985 2635 1051 2675 cum
1062 2618 1177 2676 ratione
1189 2619 1291 2694 potius

189 2729 219 2778 et
236 2718 447 2778 deliberatione
465 2719 703 2793 disputaverunt,
722 2736 827 2793 agmen
846 2717 925 2775 ducit
941 2717 1109 2790 IosneflUS,
1129 2719 1181 2795 qui
1197 2719 1291 2777 Arch.

188 2819 251 2892 IX,
271 2824 301 2876 ll
320 2819 491 2877 lothamo
509 2836 593 2893 rege,
619 2817 670 2876 GL
688 2817 774 2876 annis
792 2826 861 2876 ante
877 2816 990 2875 Ninum
1008 2835 1160 2889 eversam,
1186 2817 1291 2876 Nahu-

189 2939 268 2977 mum
285 2920 377 2976 Ionae
394 2919 519 2994 vestigia
539 2918 684 2992 pressisse
701 2917 831 2975 tradidit.
867 2916 983 2974 Deinde
1008 2917 1046 2974 ab
1064 2915 1200 2974 Usssero
1223 2915 1290 2992 (an-

189 3020 278 3096 nai),
303 3019 355 3094 qui
375 3027 482 3076 temere
499 3019 537 3080 ad
555 3018 803 3093 expugnationem
820 3016 894 3074 Nini
917 3018 955 3075 ab
972 3016 1091 3074 Arbace
1113 3016 1221 3073 factam
1243 3036 1290 3074 re-

188 3119 301 3194 spexit,
328 3119 438 3196 quippe
460 3118 496 3175 de
520 3135 579 3194 qua
596 3119 761 3176 narraverit
778 3117 946 3189 Diodorus,
965 3115 1110 3174 Achaei
1128 3134 1219 3192 regno
1237 3117 1290 3174 ad-

188 3220 315 3295 scriptus
334 3228 389 3276 est.
413 3218 490 3275 Tum
508 3235 578 3274 vero
596 3217 727 3276 maxima
741 3217 934 3292 interpretum
946 3235 1017 3292 pars
1032 3235 1066 3273 eo
1080 3224 1289 3290 convenerunt,

187 3319 267 3396 quod
281 3318 442 3376 Hiskiae
459 3324 584 3376 aetatem
602 3317 730 3375 maxime
747 3318 884 3376 idoneam
898 3317 1099 3392 opinarentur,
1119 3336 1177 3394 quo
1191 3329 1289 3376 vatem

188 3419 330 3478 cecinisse
347 3425 502 3494 putarent,
518 3415 736 3491 HmaonrnuS,
750 3418 995 3488 Tnecnonerua
1009 3417 1289 3489 Tnsornrnscrus,

191 3517 370 3577 Cosnnnrus
388 3534 409 3576 a
424 3517 558 3588 Lsemu,
578 3515 749 3590 OsnovruS,
767 3519 930 3576 suesanus
948 3516 1017 3588 all.;
1048 3536 1143 3593 neque
1159 3533 1231 3574 vero
1258 3518 1290 3575 in

188 3627 321 3695 tempore
345 3617 509 3676 distinctius
535 3615 697 3676 definiendo
720 3617 921 3687 consentiunt3
947 3616 999 3674 alii
1024 3617 1100 3674 enim
1119 3614 1290 3675 Salmonae-

186 3793 386 3802 —-——-—-

239 3912 264 3973 1)
287 3910 456 3976 Sequentibus
480 3909 568 3958 diebus
592 3908 731 3958 Habakuki
755 3917 780 3958 et
802 3907 948 3974 Zephaniae
971 3907 1108 3967 memoria,
1137 3909 1180 3970 qui
1203 3907 1291 3958 iudicii

187 3997 344 4046 imminentis
362 3994 552 4059 praedieatione
570 4009 626 4042 cum
638 3993 757 4043 Nahnmo
775 3988 937 4042 continentur
955 3991 1010 4052 (cfr.
1023 3992 1192 4042 Hssvsnrncrc
1206 3993 1289 4042 Vorll.

185 4080 247 4129 uber
264 4077 355 4128 Theoi.
375 4079 419 4126 des
438 4079 471 4126 A.
490 4077 521 4125 T.
540 4093 564 4140 p.
579 4075 638 4137 160)
663 4076 725 4126 satis
749 4077 881 4140 ingeniose
905 4077 1035 4139 assignata
1059 4082 1111 4139 est3
1134 4077 1203 4139 quod
1227 4091 1289 4138 quo·

185 4163 261 4212 modo
280 4178 296 4212 a
313 4163 434 4226 temporis
454 4161 615 4210 ecclesiastici
635 4161 735 4209 ratione
754 4160 921 4225 repetendum
939 4162 986 4220 sit,
1004 4159 1117 4211 ostendit
1134 4161 1165 4214 F.
1176 4159 1289 4212 Srususs

185 4247 231 4298 das
250 4245 427 4312 evangelische
444 4244 615 4308 Kirchenjahr
631 4259 655 4308 p.
669 4245 709 4294 et.
728 4245 769 4294 89.
