2954 4784
595 209 667 269 on.
682 211 742 282 111,
763 231 789 269 v.
807 195 855 268 131
1203 209 1270 276 111

167 400 214 459 nis
239 397 418 468 similitud03
450 395 605 454 Elaeos:
629 396 688 454 levi
712 395 830 471 quidem
854 404 935 454 tactu
960 396 1118 472 agitantur.
1153 395 1275 455 Roseu-

167 515 329 557 nuunuum
342 507 372 556 et
382 496 522 555 H1rzru11
540 497 731 568 sententiam,
751 496 858 573 quibus
875 511 966 557 uranu
977 497 1065 554 etiam
1079 506 1148 555 sunt
1160 497 1274 557 fructus

167 619 265 676 neque
282 617 353 656 vero
372 598 510 669 arbores,
535 617 593 655 una
616 617 682 655 eum
700 597 881 671 argumentis
899 597 961 655 eius
979 597 1052 656 satis
1069 597 1179 655 dudum
1196 599 1274 656 refu-

169 701 245 758 tavit
258 699 380 771 Mnus,
400 699 447 755 cui
460 697 627 758 addendum
641 682 931 768 videtur,eiusmodi
944 717 1030 756 usum
1041 718 1069 756 v.
1086 711 1140 776 nv,
1157 699 1274 775 qualem

168 819 226 860 nos
243 800 426 876 accepimus,
452 799 532 858 haud
549 808 658 858 temere
682 798 786 869 statui,
811 798 863 855 cfr.
882 799 948 856 Ew.
967 799 993 874 ᾗ.
1007 802 1066 871 217,
1081 799 1109 857 h.
1128 833 1164 842 -
1191 794 1272 865 ibam.

145 943 149 946 -
167 901 275 977 copula
292 900 473 975 pleonastice
491 899 622 972 adiecta,
641 899 685 956 uti
702 899 733 955 in
752 898 912 957 enuntiatis
931 899 1179 959 conditionalibus
1194 899 1273 958 haud

168 1021 238 1060 raro
248 1004 292 1059 lit.
311 995 400 1064 *shut
414 1000 523 1058 dictum
536 1018 591 1075 pro
606 1014 672 1070 aba,
686 999 778 1058 veluti
790 998 866 1074 pluit
881 993 1002 1072 turbt}
1021 999 1273 1072 Iub.XXXVlII,

172 1108 215 1161 26.
242 1102 306 1160 Iam
323 1118 393 1158 vero
412 1101 443 1158 in
459 1099 658 1176 hypotheticis
677 1099 835 1158 enuntiatis
852 1098 1055 1174 imperfectum
1079 1101 1155 1159 solet
1173 1102 1273 1159 condi-

169 1204 264 1262 tiones
290 1207 409 1273 notare,
432 1219 509 1276 quae
531 1200 611 1259 haud
634 1200 842 1259 existimantur
867 1199 1001 1276 evenire,
1030 1201 1125 1272 uude,
1157 1211 1274 1276 praeter

168 1305 242 1362 haec
258 1301 365 1373 verba,
392 1301 452 1359 alia
469 1301 558 1358 etiam
576 1300 752 1376 excipienda
769 1308 837 1359 sunt
858 1299 1010 1374 exempla,
1035 1301 1142 1378 quibus
1161 1302 1273 1377 simpli-

170 1423 218 1462 ces
239 1401 362 1480 perfecti
379 1402 458 1461 vices
476 1401 554 1478 agit,
578 1401 630 1460 cfr.
649 1401 714 1460 Ew.
733 1401 777 1477 ἑξ.
790 1405 856 1471 342,
871 1401 900 1458 b.
918 1403 984 1474 332,
999 1420 1023 1459 c.

680 1675 708 1714 v.
729 1658 769 1712 13.

219 1805 306 1866 Unde
324 1814 421 1864 tamen
437 1807 486 1878 fit,
512 1805 696 1882 quaerimus,
722 1804 802 1882 quod
820 1804 1021 1864 validissimae
1038 1806 1135 1882 gentis
1151 1805 1274 1894 castella

169 1909 245 1966 adeo
263 1908 345 1965 nullo
363 1906 519 1982 capiuntur
542 1906 682 1983 negotio?
708 1905 758 1963 ubi
784 1905 974 1964 celeberrima
995 1906 1047 1964 illa
1069 1916 1099 1966 et
1123 1909 1275 1966 tremenda

158 2009 220 2066 'diu
238 2007 402 2066 fortitudo?
420 2041 456 2050 —
476 2008 545 2064 ihr!
561 2009 680 2082 populna
697 2016 760 2064 tuas
776 2007 941 2064 muliercula
957 2011 988 2064 in
1004 2009 1092 2064 inedie
1107 2017 1170 2076 tuo,
1188 2009 1273 2064 boati-

61 2158 68 2174 ,
169 2110 219 2166 baa
237 2113 290 2166 tuis
308 2109 458 2184 aperiendo
472 2111 638 2182 aperiuntur
649 2117 753 2182 portae
766 2117 859 2164 terrae
872 2116 950 2177 mae,
968 2109 1086 2164 devorat
1101 2111 1175 2181 tynis
1185 2117 1274 2165 vectes

170 2220 240 2268 tuoe.
266 2225 332 2283 nov
353 2208 484 2266 maxima
500 2208 694 2284 interpretum
707 2227 778 2284 pars
792 2207 829 2265 ad
843 2207 950 2266 milites
964 2208 1070 2280 refert,
1088 2227 1141 2266 nec
1154 2217 1272 2280 temere,

169 2330 234 2369 cum
252 2310 368 2384 legatur
379 2327 414 2367 eo
428 2327 516 2368 sensu
532 2322 585 2388 bu,
601 2309 670 2366 licet
683 2309 822 2384 apposito
835 2308 897 2366 fere
915 2323 1015 2386 naso,
1033 2301 1164 2370 anubem
1182 2307 1272 2365 Num.

168 2411 296 2482 XXXI,
318 2413 365 2481 323
391 2410 450 2468 los.
469 2409 558 2482 VIII,
578 2413 618 2468 13.
644 2409 691 2482 X,
715 2413 740 2467 7.
766 2408 830 2480 XI,
848 2412 879 2479 ῖς
907 2407 972 2482 Iud.
992 2409 1064 2479 V‚8
1087 2406 1154 2478 all.;
1179 2428 1274 2485 neque

169 2521 268 2570 tamen
284 2511 454 2570 instandum
471 2510 586 2568 videtur
603 2510 739 2568 definitae
752 2508 820 2567 huic
833 2508 958 2566 notioni.
995 2507 1190 2567 Fortissimos
1201 2527 1273 2585 ergo

167 2611 331 2688 Assyrios,
357 2630 483 2688 quorum
499 2612 657 2670 bellicosus
675 2619 704 2668 et
721 2619 858 2669 strenuus
875 2607 992 2667 animus
1010 2609 1094 2667 vultu
1111 2621 1141 2666 et
1166 2629 1273 2685 corpo·

167 2713 210 2772 ris
228 2712 330 2770 habitu
347 2731 507 2787 expressus
528 2712 674 2788 hodieque
697 2710 876 2786 conspicitur
897 2710 929 2766 in
952 2709 1203 2770 monumentis-
1221 2711 1273 2769 ubi

168 2813 312 2872 illucescit
335 2812 457 2871 ultionis
482 2812 600 2870 divinae
625 2812 702 2882 dies,
722 2810 859 2868 deficiunt
876 2811 968 2867 robur
985 2819 1014 2867 et
1031 2810 1131 2882 nervi,
1161 2820 1274 2868 ut-mu-

167 2913 305 2972 liercnlas
322 2913 563 2988 perterrefactas3
581 2913 612 2970 id
631 2911 710 2989 quod
728 2911 837 2986 partim
856 2910 974 2986 quidem
992 2910 1030 2967 ad
1048 2910 1140 2967 vitam
1151 2911 1273 2969 mollem

168 3022 199 3073 et
214 3014 417 3090 voluptatibus
434 3013 563 3072 deditam
580 3011 765 3072 referendum
783 3019 828 3070 est
845 3009 998 3088 (Knsnn.)
1023 3029 1112 3085 quam
1140 3019 1274 3070 extrema

169 3122 344 3191 tempestate
360 3115 504 3190 agebant,
528 3114 657 3172 maxime
681 3122 778 3171 tamen
802 3111 842 3171 ad
857 3110 1056 3168 incredibilem
1073 3110 1181 3187 plagae
1199 3112 1273 3170 divi-

167 3235 223 3274 nae
240 3216 300 3273 vim
318 3223 347 3273 et
364 3215 533 3274 efficaciam.
562 3213 612 3273 Sic
628 3214 685 3272 Ies
705 3212 797 3282 XIX,
823 3217 853 3269 16
877 3211 1005 3286 primum
1032 3211 1172 3288 legimus:
1199 3213 1274 3285 „illa

167 3315 215 3374 die
240 3316 296 3374 erit
312 3318 469 3392 Aegyptus
495 3314 650 3372 mulierum
672 3309 785 3385 instar,
815 3321 844 3372 et
869 3312 1069 3370 contremiscit
1092 3321 1121 3370 et
1144 3314 1274 3390 trepidat

166 3436 239 3493 prae
257 3416 418 3498 agitatione
435 3433 540 3474 manus
557 3415 679 3474 Domini
697 3413 896 3485 exercituum,
924 3432 1014 3489 quam
1035 3413 1161 3488 agitavit
1184 3434 1274 3490 super

167 3522 277 3589 eam;“
296 3517 361 3576 dein
379 3516 519 3575 Ieremias
537 3518 655 3588 eadem,
681 3533 758 3591 quae
774 3513 825 3571 ille
842 3514 937 3590 primo
955 3531 1047 3589 regno
1065 3515 1206 3587 seculari,
1230 3516 1273 3572 al-

167 3619 224 3675 teri
242 3617 398 3676 Nahumus
412 3613 481 3675 'erat
505 3615 647 3688 minatus,
672 3615 711 3672 ad
735 3614 853 3673 tertium
875 3614 1027 3672 transtulit
1045 3612 1272 3686 Chaldaeorum,

168 3737 193 3776 c.
213 3717 253 3790 L,
278 3721 320 3774 37.
346 3717 402 3788 LI,
426 3721 468 3774 30.
499 3751 535 3760 -
557 3731 657 3791 paup:
690 3714 780 3772 LXX
807 3704 841 3774 ἔν
863 3731 936 3784 σοι,
960 3713 1129 3772 Lurunaus
1153 3715 1183 3771 in
1210 3715 1272 3785 dir3
1312 3707 1315 3716 '

166 3837 236 3876 nam
254 3832 332 3893 unp,
357 3817 400 3874 uti
417 3818 510 3892 probe
528 3817 631 3876 statuit
648 3817 837 3886 Elatensium,
863 3822 909 3873 est
935 3821 1067 3886 „tractus
1093 3821 1173 3872 totus
1196 3815 1274 3872 inter

166 3927 301 3977 extrema
318 3925 430 3993 puncta
448 3917 494 3974 vel
512 3917 590 3975 intra
606 3917 702 3975 fines“
721 3915 794 3991 (vid.
813 3916 1001 3973 Dnmrzsorr.
1016 3913 1055 3971 ad
1069 3913 1148 3972 Hah.
1168 3933 1197 3989 p.
1214 3919 1272 3972 131.

167 4019 258 4096 not.);
289 4038 341 4076 nec
368 4037 497 4094 unquam
522 4017 649 4076 medium
673 4017 771 4093 ipsum
792 4016 916 4075 alicuius
940 4015 982 4072 rei
1004 4014 1102 4072 locum
1126 4014 1272 4090 designat,

166 4118 226 4176 imo
244 4119 274 4177 in
294 4117 525 4196 praepositionis
544 4135 619 4194 nno:
638 4117 685 4177 vel
713 4138 732 4195 ²?
762 4117 835 4176 abiit
853 4123 1031 4193 potestatem
1049 4114 1117 4190 (cfr.
1136 4116 1274 4190 exempla

166 4220 245 4294 apud
271 4219 387 4278 Gnsnn.
413 4221 486 4278 thes.
512 4239 535 4278 s.
560 4219 612 4294 v.).
654 4200 786 4277 Nimium
810 4218 901 4294 igitur
926 4216 1074 4288 viderunt,
1100 4216 1151 4294 qui
1175 4217 1274 4292 ipsam
