2954 4808
534 169 561 245 ξ.
578 173 603 226 2.
624 167 674 226 Da
693 182 819 226 omerus
832 166 974 228 Nnuuun
1275 189 1309 232 ru

207 371 369 424 consensu,
388 369 447 428 quo
464 347 597 408 Nahumi
614 349 706 408 verba
722 367 788 408 cum
805 351 1002 410 monumentis
1020 352 1162 412 contineri
1174 372 1309 428 praeser-

207 455 259 512 tim
276 453 307 511 in
323 471 356 510 re
373 449 494 508 militari
517 450 710 509 describenda
732 451 904 526 saepissime
927 453 1124 526 ostendimus,
1149 453 1309 512 sententiae

206 553 286 610 illins
310 550 431 626 patroni
451 551 541 626 longe
563 551 709 608 validiora
731 551 849 609 eliciant
872 559 1054 627 argumenta
1081 553 1230 626 Quodne
1255 552 1309 612 ad-

206 652 339 712 mississe
356 650 532 722 videremur,
551 650 675 727 singulis
692 651 755 708 fere
770 651 844 710 locis
862 651 1046 726 monuimus,
1065 653 1138 712 satis
1151 653 1201 710 diu
1213 655 1309 729 Assy·

205 753 318 822 riorum
336 750 482 808 exereitus
505 751 537 806 in
554 749 727 809 Palaestina
750 758 885 810 versatos
911 751 1022 825 fuisse,
1051 772 1105 812 nec
1129 753 1220 812 semel
1242 762 1310 811 ante

206 853 292 928 ipsas
306 849 583 925 Hierosolymorum
609 858 711 925 portas
736 851 915 910 constitisse.
934 885 971 894 -
989 852 1073 912 Haec
1095 853 1186 930 igitur
1210 852 1311 912 omnia

206 953 260 1010 vix
273 950 445 1026 ampliorem
459 950 788 1026 probantAssyriarum
799 971 897 1008 rerum
911 952 1119 1027 coguitionem,
1134 972 1223 1030 quam
1231 971 1308 1029 quae

207 1053 245 1110 de
261 1050 450 1109 celeberrima
467 1059 496 1108 et
513 1050 720 1125 potentissima
736 1052 810 1109 urbe
826 1051 902 1109 inter
918 1065 1020 1111 omnes
1036 1053 1090 1110 illo
1108 1061 1241 1127 tempore
1258 1053 1310 1110 de·

138 1159 141 1164 ’
207 1153 298 1210 bebat
321 1158 457 1208 constare
467 1149 486 1208 ¹.
528 1151 574 1207 Ac
603 1150 629 1208 si
650 1151 744 1209 multa
769 1159 830 1209 tam
859 1151 957 1209 vivide
987 1160 1132 1227 apparent
1162 1151 1310 1227 descripta

208 1259 299 1327 atque
315 1259 384 1308 ante
401 1249 503 1308 oeulos
520 1249 678 1324 legentium
697 1251 812 1326 posita,
837 1249 923 1327 quasi
945 1251 1011 1326 ipse
1034 1260 1118 1310 vates
1130 1271 1243 1310 ‚coram
1266 1251 1310 1310 vi·

209 1351 302 1409 disset
318 1349 418 1408 omnia
435 1349 633 1426 (Ewnnuus):
661 1351 826 1408 recolamus
844 1358 978 1426 oportet,
998 1370 1048 1410 eas
1066 1352 1168 1410 referri
1185 1351 1309 1426 speeies,

210 1469 286 1528 quae
303 1469 356 1525 per
372 1449 516 1508 visionem
534 1449 633 1506 animo
651 1449 714 1509 eius
731 1450 914 1510 extrinseous
931 1451 1038 1509 hausto
1049 1451 1169 1509 fuerunt
1182 1451 1309 1510 oblatae.

260 1549 367 1626 Neque
390 1567 462 1607 vero
488 1549 519 1606 in
536 1549 616 1608 hisce
640 1551 836 1625 argumentis,
860 1533 937 1626 quac
960 1550 1080 1608 iamiam
1104 1550 1309 1622 refutavimus,

209 1650 359 1725 acquievit
375 1649 548 1719 Ewsuous‚
574 1648 626 1708 sed
649 1649 748 1724 ipsum
764 1668 929 1708 sermonem
947 1669 1065 1726 quoque
1081 1651 1191 1708 habere
1208 1650 1311 1708 existi-

211 1750 312 1822 mavit,
331 1748 573 1825 quaeAssyriam
590 1747 719 1806 indolem
738 1748 859 1808 olerent.
891 1749 958 1822 Quo
975 1749 1006 1807 in
1023 1769 1130 1826 genere
1147 1751 1235 1808 affert
1251 1758 1311 1808 tres

209 1849 347 1921 voculas,
366 1867 442 1925 quae
459 1848 522 1906 sine
539 1848 629 1904 dubio
647 1850 792 1925 Assyriae
808 1858 920 1909 essent:
943 1865 1009 1908 :sn
1038 1851 1084 1922 ΙΙ,
1102 1854 1135 1922 8,
1159 1865 1259 1910 nestro
1282 1857 1312 1908 et

208 1963 326 2010 beroem
360 1947 422 2019 III,
443 1951 488 2017 173
512 1956 545 2006 at
561 1948 635 2006 duas
651 1949 766 2023 priores
783 1951 878 2025 probe
896 1969 934 2008 ex
951 1950 1091 2010 Hebraeo
1105 1968 1241 2008 sermone
1259 1967 1312 2006 no·

210 2049 268 2108 tari
284 2067 374 2124 posse
390 2047 469 2105 iufra
485 2047 651 2106 videbimus
668 2047 736 2124 (cfr.
755 2069 781 2107 a.
799 2050 847 2106 hh.
865 2049 927 2127 ll.),
953 2058 983 2108 et
1003 2069 1095 2107 unum
1120 2050 1200 2125 quod
1219 2056 1312 2108 restat

209 2165 294 2210 aben
312 2148 379 2223 (cfr.
397 2147 521 2226 ibidem)
538 2147 577 2205 ad
600 2167 721 2206 caussas
746 2167 837 2224 supra
860 2149 1015 2224 expositas
1038 2149 1223 2207 referendum
1240 2149 1312 2219 erit3

212 2249 317 2307 deinde
334 2247 494 2324 singularis
512 2248 613 2308 suffixi
631 2247 744 2323 species
762 2241 894 2334 ³:32),st
916 2249 1070 2324 spolitino
1085 2267 1219 2307 sermone
1230 2268 1314 2324 repe·

212 2349 301 2408 tenda
318 2357 364 2408 est
379 2348 446 2423 (cfr.
464 2348 502 2405 ad
518 2348 565 2420 11,
581 2350 635 2424 14).
655 2348 753 2420 „Tum
770 2367 841 2406 vero
859 2327 979 2426 assequi
1004 2367 1064 2406 non
1090 2349 1222 2408 valemus
1241 2348 1313 2424 quid

211 2449 292 2508 hisce
316 2449 373 2508 sibi
395 2447 493 2506 verbis
510 2467 539 2506 v.
557 2448 606 2506 dd.
630 2447 771 2506 voluerit:
799 2467 874 2520 „eus
898 2449 950 2508 der
975 2448 1115 2524 Fassung
1138 2448 1191 2506 der
1207 2448 1314 2506 Worte

212 2549 258 2621 Il,
279 2554 291 2606 l
309 2548 400 2623 vergl.
417 2547 475 2605 Ies.
492 2546 567 2619 LII,
585 2551 601 2603 7
619 2547 696 2623 iolgt
712 2539 789 2606 noch
805 2548 1003 2621 bestimmter,
1023 2549 1093 2607 dass
1111 2567 1143 2606 er
1161 2549 1229 2607 sehr
1245 2548 1314 2606 weit

211 2667 271 2707 von
288 2647 455 2706 Jerusalem
481 2646 540 2704 und
556 2647 638 2704 Juda
662 2647 768 2705 redete.
806 2647 874 2705 Wie
897 2649 1030 2725 dagegen
1053 2647 1100 2706 ein
1126 2647 1315 2722 Prophetis

211 2748 378 2806 Jerusalem
401 2754 479 2805 etwa
501 2767 549 2804 um
573 2747 701 2806 disselbe
718 2747 782 2804 Zeit
799 2746 860 2822 (vel
882 2748 982 2823 potius
999 2747 1026 2805 L
1042 2747 1127 2806 annis
1144 2748 1227 2823 post)
1254 2765 1314 2806 vou

211 2847 323 2907 Ninive
340 2847 427 2905 reden
445 2846 562 2918 wdrde,
589 2848 678 2906 seben
695 2846 750 2904 wir
767 2866 821 2905 aus
838 2847 890 2904 der
908 2848 976 2906 sehr
993 2847 1220 2906 verschiedenen
1238 2845 1314 2906 Hal·

211 2957 285 3024 tung
302 2947 353 3004 der
370 2947 476 3005 Worte
494 2944 569 3004 Ssef.
585 2947 632 3018 ΙΙ,
653 2950 713 3002 13-
725 2949 798 3015 15;“
823 2966 900 3023 quas
924 2948 1016 3005 verba
1032 2965 1086 3004 nee
1103 2947 1177 3004 adeo
1195 2945 1314 3006 diversa

212 3056 280 3107 sunt
297 3046 364 3122 (cfr.
383 3045 421 3103 ad
438 3045 499 3116 ΙΙΙ,
519 3047 565 3123 19)
582 3054 611 3103 et
628 3045 653 3103 si
672 3044 742 3121 quid
767 3046 923 3119 differunt,
949 3047 987 3104 ad
1010 3047 1152 3120 temporis
1175 3053 1204 3103 et
1226 3046 1315 3121 scopi

211 3146 356 3205 rationem
374 3144 448 3204 satis
466 3143 613 3205 diversam
631 3145 687 3202 erit
703 3144 896 3204 referendum.
921 3147 974 3205 cfr.
999 3146 1077 3203 infra
1094 3165 1124 3221 p.
1137 3149 1181 3202 47.
1199 3179 1236 3188 —-
1252 3145 1314 3204 Po-

212 3255 337 3318 stremo,
357 3243 438 3321 quod
455 3251 516 3300 tam
534 3245 654 3318 copiose
670 3253 755 3302 notat
768 3254 866 3305 vatem
880 3246 994 3308 desole
1006 3245 1088 3305 Nino
1101 3246 1199 3304 facere
1212 3247 1314 3320 verba,

212 3365 301 3426 quam
318 3363 404 3403 nemo
423 3363 440 3401 e
456 3343 610 3419 prophetis
627 3344 792 3420 prioribus,
816 3347 869 3406 vix
887 3356 932 3408 est
950 3348 1029 3424 quod
1046 3347 1223 3419 refutemus,
1248 3365 1314 3406 cum

211 3445 242 3504 in
273 3445 441 3503 conditione
470 3443 591 3520 populi,
622 3445 722 3520 paullo
753 3455 824 3521 post
852 3447 971 3506 uberius
1002 3447 1195 3522 explicanda,
1232 3447 1316 3522 posi·

211 3556 274 3605 tum
293 3544 392 3602 fuerit.

263 3645 292 3722 6)
319 3645 419 3718 Quare
436 3662 502 3701 cum
519 3644 730 3702 nihilomnino
749 3663 813 3702 esse
829 3643 1043 3720 intelligamus,
1062 3664 1122 3722 quo
1141 3643 1316 3702 vaticinium

207 3731 241 3804 'in
258 3745 389 3820 Assyrio
405 3743 514 3804 editum
532 3763 597 3804 esse
622 3744 844 3819 comprobetur,
863 3744 982 3821 ¹accedit
998 3746 1133 3820 insuper,
1158 3743 1238 3818 quod
1261 3743 1315 3801 du·

212 3846 281 3903 dum
298 3845 413 3902 monuit
428 3843 661 3916 Ereuuonmus,
687 3845 713 3920 ξ.
727 3847 790 3901 385:
815 3842 890 3915 „das
912 3843 1014 3916 Baud,
1045 3843 1173 3901 welches
1198 3843 1250 3900 ihn
1274 3862 1313 3900 an

212 3947 258 4004 die
276 3946 403 4004 anderen
420 3945 544 4002 Dichter
561 3945 621 4003 und
639 3945 686 4003 die
702 3944 840 4002 friiheren
857 3943 1026 4018 Propheten
1044 3942 1170 4018 kmiplt,
1193 3943 1234 4002 ist
1256 3943 1315 4001 viel

262 4173 314 4223 Cfr.
332 4173 437 4224 Hrrzmn
455 4172 529 4236 proll.
550 4187 573 4235 p.
587 4172 645 4221 227.
664 4171 844 4221 Hsavrnmenu
862 4167 930 4220 Eiul.
948 4169 990 4230 ΙΙ,
1008 4169 1032 4218 b.
1051 4185 1076 4234 p.
1088 4169 1146 4220 376.
