2954 4784
635 161 708 222 (tar.
723 163 782 236 ΙΙΙ,
801 183 829 222 v.
842 169 868 222 8.
1230 159 1299 228 103

197 346 299 406 sertim
317 365 440 404 numero
458 363 633 420 expressum
650 347 760 425 Napu,
779 347 818 406 ad
836 346 1002 404 universam
1020 348 1122 406 urbem
1135 347 1214 405 haud
1230 367 1301 434 raro

196 447 373 506 transfertur
385 446 402 502 ¹.
427 447 503 505 Erat
525 455 623 506 autem
646 457 735 525 caput
758 447 919 524 superioris
940 447 1091 524 Aegypti,
1115 446 1202 506 sicuti
1225 448 1301 507 infe·

197 547 285 606 rioris
302 546 464 622 Memphis,
483 556 513 604 et
530 567 590 624 qno
608 549 705 608 maior
723 569 742 608 a
758 548 863 624 primis
880 547 949 607 inde
966 548 1149 623 temporibus
1167 549 1300 624 superio-

195 649 238 706 ris
263 647 347 724 regni
374 655 438 705 erat
455 648 616 709 auctoritas
635 657 663 708 et
679 649 826 725 potentia,
851 667 886 706 eo
904 649 1073 706 Thebarum
1096 667 1215 725 quoque
1235 668 1299 708 ma-

194 747 319 824 gnitudo
337 755 366 806 et
384 747 505 806 divitiae
523 757 553 806 et
569 750 786 826 magnificentia
803 749 925 826 reliquis
932 749 1065 824 Aegypti
1078 749 1296 825 praecellebant

196 848 337 920 urbibus3
361 848 453 923 quid?
484 829 563 925 quod
587 851 626 908 ad
649 869 765 910 sacrum
787 851 866 908 hunc
887 849 1044 908 Ammonis
1073 849 1171 908 locum
1201 849 1300 910 omnis

195 949 413 1025 Aegyptiorum
432 949 519 1024 quasi
544 950 659 1027 cogitur
683 948 835 1010 historici.
861 949 1021 1026 Egregium
1045 949 1123 1022 eius,
1148 968 1207 1026 quo
1226 951 1297 1010 olim

195 1049 360 1126 gaudebat,
384 1049 570 1124 splendorem
593 1051 696 1128 ingens
717 1051 771 1110 illa
793 1050 970 1125 templorum
992 1058 1023 1108 et
1043 1050 1224 1125 palatiorum
1246 1050 1296 1110 de·

195 1157 372 1209 structorum
400 1149 493 1208 moles
515 1170 569 1225 per
590 1152 668 1211 latos
692 1170 814 1228 campos
837 1150 930 1210 effusa
960 1151 1041 1226 apud
1063 1150 1145 1210 vicos
1167 1149 1297 1210 Medinet

193 1251 281 1323 Abu,
306 1249 439 1326 Lugsm,
464 1250 590 1309 Karnak
613 1261 738 1312 testatur
754 1251 914 1327 hodieque,
938 1269 1034 1326 neque
1058 1250 1149 1308 ullam
1171 1251 1294 1327 reperiri

194 1360 254 1409 tam
284 1350 425 1426 grandem
455 1359 576 1428 tamque
606 1353 754 1412 excelsam
784 1351 934 1411 ruinarum
963 1351 1164 1424 maiestatem,
1194 1352 1293 1410 omnia

194 1451 330 1527 deinceps
347 1450 500 1510 itineraria
515 1453 665 1512 affirmant
672 1452 690 1514 ³.
709 1487 745 1496 —
768 1455 811 1512 At
827 1470 898 1510 vero
916 1450 966 1510 No
984 1452 1114 1509 Ammon
1134 1469 1200 1510 esse
1216 1450 1295 1510 The·

193 1552 263 1626 bas,
277 1559 380 1610 nostra
393 1551 509 1610 demum
521 1554 664 1612 memoria
677 1553 863 1614 consentiunt
877 1552 1068 1628 interpretes,
1082 1551 1295 1611 Bocusuruu⁴

193 1661 222 1711 et
233 1653 378 1726 Zomupn
398 1654 505 1725 secuti3
523 1655 642 1714 fuerunt
655 1662 768 1726 tamen,
787 1653 839 1730 qui
850 1661 1010 1729 praeeunte
1022 1653 1151 1710 lousrn.
1174 1662 1204 1712 et
1216 1653 1293 1712 Hin-

192 1769 336 1826 nosrrm,
360 1754 398 1812 ab
416 1753 585 1813 institutore
602 1773 655 1816 suo
673 1755 716 1814 ita
732 1755 853 1826 edocto,
879 1753 1161 1812 Alexandriam
1185 1753 1294 1812 intelli-

191 1862 307 1930 gerent,
326 1852 384 1912 sito
401 1853 464 1912 eius
481 1855 610 1914 maxime
628 1856 784 1927 commoti,
811 1853 921 1927 (istu,
946 1853 1062 1926 Goon,
1085 1853 1168 1926 lun,
1191 1854 1292 1926 P1so.,

191 1954 304 2027 Duos,
322 1953 444 2014 Menon.
463 1963 492 2014 et
509 1956 555 2014 vel
571 1975 626 2032 per
642 1957 793 2033 prolepsin
810 1975 870 2014 una
887 1973 953 2014 enm
971 1953 1129 2013 existentia
1142 1953 1293 2012 interitum

190 2054 389 2131 praedictum,
408 2055 455 2112 vel
473 2057 615 2132 oppidum
633 2056 799 2134 quoddam,
817 2056 897 2132 quod
914 2062 1004 2114 antea
1020 2053 1083 2112 eius
1098 2054 1198 2112 locum
1209 2062 1293 2112 tenu·

190 2156 264 2216 isset
285 2156 467 2232 appellatum
491 2157 646 2230 docerent,
669 2158 738 2216 licet
755 2155 919 2216 Srnssonn
942 2163 972 2213 et
988 2154 1148 2212 Passurus
1171 2161 1292 2212 auctore

192 2245 287 2333 κώμη
307 2263 421 2315 tantum
437 2257 480 2315 ibi
497 2257 689 2333 reperiretur,
707 2257 880 2334 priusquam
897 2254 1117 2336 abhlexandro
1135 2255 1206 2314 urbs
1223 2273 1292 2312 oon-

191 2358 316 2418 deretur.
353 2357 416 2416 Alii
437 2366 534 2418 autem
560 2358 767 2434 Diospolin
790 2356 966 2416 minorem
989 2363 1179 2432 acceperunt,
1203 2374 1292 2431 super

191 2459 356 2518 Mendetem
381 2458 413 2516 in
437 2461 576 2536 Aegypto
602 2459 740 2518 inferiore
763 2457 868 2531 sitnm,
892 2457 1066 2534 praesertim
1085 2475 1151 2515 cum
1168 2443 1291 2516 Srnsao

150 2613 152 2618 .
190 2559 313 2620 lacubus
338 2577 403 2618 eam
428 2559 638 2618 circumdatam
661 2560 753 2619 fnisse
775 2559 904 2618 traderet
927 2559 961 2633 (1.
982 2558 1090 2631 XVII,
1113 2576 1138 2616 c.
1153 2558 1184 2615 1:
1208 2549 1293 2628 Διὸς

192 2647 292 2731 πόλις
312 2655 370 2718 καὶ
392 2648 427 2718 oi
449 2653 529 2740 napi
551 2647 657 2741 αῧτὴκ
681 2651 819 2740 λίμναι),
837 2659 1004 2730 ΚΑυΝεκ.,
1017 2657 1158 2730 Kressa
1176 2666 1293 2734 atquo-

191 2761 280 2820 modo
300 2762 457 2820 obscurum
473 2760 546 2818 illud
564 2762 706 2838 oppidum
724 2758 891 2837 comparari
905 2758 986 2818 Nino
1007 2765 1097 2834 atque
1114 2759 1188 2816 adeo
1206 2777 1291 2833 prae·

192 2861 318 2922 stantius
336 2879 400 2920 esee
417 2861 475 2919 dici
491 2861 609 2936 possiti
637 2862 704 2937 Quo
722 2861 850 2932 aceedit,
875 2859 954 2936 qnod
971 2859 1065 2934 probe
1082 2858 1196 2916 monuit
1213 2858 1292 2916 Zon-

190 2979 275 3022 mus:
300 2962 394 3034 „urbs
419 2961 569 3020 Ninevitis
586 2964 724 3039 ponenda
742 2964 780 3021 ob
799 2960 902 3020 oculos
920 2968 1001 3031 erat,
1027 2978 1104 3035 quae
1120 2977 1181 3016 non
1198 2957 1293 3036 magis

190 3071 299 3122 natura
315 3070 345 3121 et
360 3061 491 3122 mirificis
508 3061 636 3124 molibus
653 3064 784 3136 munita,
808 3081 897 3139 quam
914 3067 1036 3137 propter
1053 3057 1169 3135 imperii
1187 3057 1293 3133 ampli-

191 3165 321 3222 tudinem
338 3171 368 3222 et
385 3163 607 3222 diuturnitatem
625 3163 836 3224 florentissima
852 3169 945 3233 esset,
963 3159 1171 3219 ut'Ninevitae
1185 3158 1258 3216 illud
1276 3179 1293 3216 e

190 3265 261 3324 fatis
284 3271 384 3323 tautae
408 3264 488 3324 urbis
512 3273 740 3341 cognoscerent,
766 3264 847 3342 quod
869 3263 937 3338 ipso
959 3281 1014 3320 usu
1038 3260 1127 3320 etiam
1150 3259 1292 3318 mortales

191 3366 365 3426 docentum<
410 3363 506 3424 Situm
523 3383 593 3424 vero
611 3385 659 3424 vv.
678 3384 762 3442 seqq.
781 3363 961 3439 descriptum
984 3362 1113 3438 perbene
1146 3360 1293 3438 quadrare

190 3466 222 3524 in
239 3466 376 3538 Thebas,
394 3464 549 3524 confestim
566 3465 689 3542 patebit.

190 3641 391 3652 ......--—--

243 3777 269 3838 1)
287 3776 341 3828 Cir.
359 3777 465 3828 Larcius
483 3777 570 3829 Briefe
589 3795 612 3843 p.
626 3781 675 3830 272
694 3795 728 3830 ss.

242 3861 316 3924 2)1d
334 3861 403 3926 quod
419 3862 514 3910 ibidem
531 3863 672 3913 luculenter
688 3865 848 3930 perstrictum
866 3862 998 3926 reperitur.

243 3945 269 4007 3)
286 3947 338 3998 Cir.
356 3947 443 3996 Zossu
460 3948 553 3996 librum
572 3963 649 4013 supra
665 3950 698 4010 l.,
721 3955 747 3997 et
764 3949 842 3998 libros
861 3962 877 3996 a
895 3945 1009 3997 Gsssnro
1027 3943 1092 3994 thes.
1111 3957 1134 3992 a.
1152 3959 1175 3992 r.
1199 3949 1224 3991 et
1241 3941 1296 3992 Wr-

191 4045 255 4080 usso
274 4032 352 4083 R.W.
370 4047 393 4082 a.
412 4033 519 4092 citatos,
542 4031 632 4096 quibus
656 4033 723 4082 adde
741 4034 848 4083 Inrsruu
872 4029 888 4080 l.
907 4033 924 4081 l.
948 4047 971 4095 p.
986 4029 1130 4081 scs-303
1155 4034 1180 4078 et
1207 4027 1236 4078 F.
1263 4027 1296 4075 A.

194 4115 327 4182 Smsuss„
346 4115 400 4167 Sin.
419 4131 443 4165 u.
462 4116 537 4180 Golg.
556 4117 600 4178 (V)
619 4136 642 4183 p.
657 4119 774 4169 66-77.

244 4201 272 4262 4)
288 4202 393 4266 Phaleg.
412 4217 436 4266 p.
450 4203 473 4250 6.
492 4203 516 4250 7.
