2954 4784
197 145 267 216 126
570 139 643 208 Car.
656 147 717 220 111,
741 167 769 206 v.
784 151 895 204 14-19.

197 349 411 410 saepenumero
428 332 465 390 de
481 331 652 409 pastoribus
669 339 700 390 et
715 329 838 390 duribus
855 329 965 390 dietum
984 349 1042 390 uns
1058 349 1124 390 eum
1152 345 1228 410 rom,
1244 332 1298 392 eir.

194 435 247 495 Pe.
264 433 360 507 XXI,
377 437 405 491 4.
429 432 487 491 Ies.
504 432 543 506 V,
560 437 603 490 27.
620 431 706 504 LVI,
726 436 774 504 103
797 439 902 490 notare
918 432 996 490 solet
1011 432 1216 491 lassitudinem
1233 452 1299 492 eum

198 553 304 596 somno
319 525 540 609 temperatam,
554 551 643 610 quam
658 515 771 592 Graeci
783 532 857 590 bene
867 532 1058 591 reddiderunt
1069 552 1098 591 v.
1110 525 1298 607 νυστάζειν,·

198 655 290 713 quare
306 635 365 692 hoe
382 651 501 710 quoque
517 633 584 690 loeo
601 651 711 692 meram
728 631 937 710 negligentiam
960 641 990 693 et
1011 633 1215 693 lassitudinem
1236 634 1299 709 ple·

196 735 283 812 rique
304 753 358 810 per
381 734 477 792 somni
502 733 721 794 similitudinem
743 733 938 809 significatam
962 745 1152 809 aeceperunt,
1182 753 1231 792 ex.
1253 752 1298 811 gr.

196 836 307 908 Mrem,
326 834 504 906 Krmrsur,
522 834 664 907 Kanum,
682 833 784 892 Maura
802 833 868 906 all.;
887 841 1006 892 atvero
1024 853 1089 892 eum
1107 853 1195 894 versu
1211 853 1299 910 prae·

196 937 318 995 cedente
335 935 424 994 duces
440 935 530 1010 plane
546 936 707 993 habeamus
724 933 888 992 exstinctos
912 941 1002 1010 atque
1024 933 1157 994 funditus
1175 935 1297 1008 deletos,

193 1036 367 1114 languidum
389 1053 569 1111 magnopere
591 1042 685 1107 esset,
703 1034 730 1092 si
753 1052 851 1093 merus
867 1033 929 1092 iam
958 1051 1079 1094 somnus
1101 1042 1131 1094 et
1151 1035 1298 1094 lassitudo

198 1138 362 1196 adderetur.
387 1135 460 1194 Alia
484 1142 663 1207 astantem,
693 1153 787 1211 eaque
803 1133 892 1210 longe
914 1134 1022 1192 fortior
1051 1134 1228 1207 similitudo,
1259 1136 1297 1194 ad

197 1256 287 1316 quam
305 1236 483 1296 transfertur
500 1237 638 1308 verbum,
656 1234 762 1293 mortis
779 1233 862 1308 dieo,
881 1234 923 1293 uti
940 1235 1065 1292 habetur
1081 1235 1133 1296 Ps.
1151 1235 1230 1292 XIII
1240 1278 1248 1308 ,
1270 1239 1296 1294 4.

196 1337 346 1410 LXXVI,
364 1341 398 1408 63
415 1337 472 1395 Ier.
489 1337 547 1410 LI,
564 1340 607 1395 39.
625 1339 674 1408 573
698 1354 822 1412 eamque
838 1342 917 1394 reete
933 1342 1100 1394 statuerunt
1115 1335 1296 1407 Thronos,

197 1437 350 1496 Hnssnns.
376 1437 537 1498 Pastorum
554 1445 651 1496 autem
667 1435 825 1512 Imaginem
841 1453 985 1511 persaepe
1006 1435 1162 1494 transferri
1186 1436 1224 1494 ad
1247 1453 1298 1496 eos

195 1547 328 1611 eonstat,
348 1555 474 1616 quorum
499 1556 586 1596 aurae
607 1536 737 1613 populus
758 1536 953 1611 permittitur,
976 1534 1029 1595 etr.
1046 1535 1103 1596 Ies.
1119 1535 1231 1610 XLIV,
1249 1538 1298 1608 283

195 1639 299 1700 Mieha
314 1639 353 1712 V,
370 1644 388 1696 4
405 1638 455 1697 all.
480 1637 637 1698 Maseulini
662 1637 778 1714 generis
801 1638 927 1709 suffixa,
955 1636 1099 1696 feminina
1125 1638 1186 1696 iam
1219 1635 1298 1696 exei-

195 1740 323 1816 pientia,
348 1737 522 1797 nominatim
544 1737 695 1815 appellato
713 1755 776 1812 repe
794 1737 928 1813 Assyriae
950 1737 1147 1813 explicantur.
1178 1753 1298 1816 atrurn,

195 1838 360 1916 magnifici,
385 1855 524 1914 proeeres
541 1839 593 1898 eIr.
610 1838 658 1910 II,
675 1843 710 1910 7,
738 1847 807 1898 sunt
822 1836 954 1914 proximi
970 1856 990 1895 a
1007 1853 1092 1914 rege,
1119 1838 1171 1918 qui
1193 1837 1298 1914 populi

196 1938 369 2016 colligendi,
395 1937 575 2013 instruendi,
600 1938 721 2015 regendi
742 1957 843 1997 euram
868 1938 906 1995 ad
930 1956 982 1996 eos
999 1938 1113 1999 detulit.
1140 1938 1208 2013 Quo
1230 1937 1297 1997 loeo

196 2040 322 2114 eollato,
344 2039 397 2100 vix
419 2057 485 2098 eum
504 2033 789 2112 Ganv1o,'Maua.,
812 2039 903 2097 H1rz.
927 2055 1049 2114 caprum
1071 2039 1170 2116 gregis
1194 2038 1297 2096 dueem

195 2140 410 2220 intelligemus,
440 2154 511 2216 turn
534 2156 604 2201 'trra
631 2139 734 2198 Ierem.
757 2139 859 2213 XXV,
883 2142 928 2198 34.
965 2153 1026 2215 tam
1053 2139 1189 2199 Hirrom
1212 2157 1298 2216 prae-

196 2242 337 2320 gnantius
353 2239 482 2298 reddidit
499 2239 728 2314 „sepelientur.“

249 2357 326 2408 sutor
348 2343 466 2417 depost
482 2349 563 2412 eant,
581 2340 601 2397 f.
619 2339 670 2399 Ni.
688 2340 773 2398 unice
784 2339 918 2399 hocloco
932 2341 1037 2414 obvia,
1053 2339 1163 2416 plurali
1176 2357 1297 2398 numero

197 2443 384 2502 coniunctum
401 2460 466 2500 eum
489 2440 565 2517 sing.
587 2456 668 2520 qun,
691 2441 773 2517 quod
797 2448 905 2500 temere
927 2441 1063 2504 nonnulli
1085 2441 1125 2500 ad
1151 2439 1299 2506 exereitus

196 2542 349 2600 notionem
365 2541 563 2616 restringunt,
581 2549 614 2600 ut
631 2549 751 2600 notetur
769 2540 916 2616 populus,
939 2561 1030 2600 uuum
1049 2561 1085 2600 eo
1104 2559 1199 2618 usqne
1225 2559 1300 2617 quo·

198 2642 356 2700 dammodo
374 2659 498 2718 eorpus,
515 2640 576 2698 iam
594 2641 722 2702 disiectis
745 2641 884 2700 membrIs
907 2642 1018 2702 fractus
1041 2642 1137 2700 iacere
1160 2640 1299 2718 (Hora).

197 2740 333 2800 Eandem
355 2741 431 2798 hane
452 2740 551 2818 gregis
573 2741 724 2817 dispersae
744 2740 964 2800 similitudinem
986 2743 1110 2818 legimus
1133 2741 1299 2800 institutam

199 2840 289 2902 Num.
307 2841 444 2914 XXVII,
462 2845 478 2897 7
484 2861 493 2913 ς
520 2840 621 2919 lReg.
638 2841 751 2914 XXII,
770 2846 802 2898 17
810 2861 819 2913 3
845 2839 932 2902 Saoh.
949 2842 1044 2916 XIII,
1062 2848 1089 2900 7.
1118 2843 1229 2900 Moatee
1246 2859 1299 2916 ap·

82 2987 84 2992 .
198 2943 362 3018 pellantur,
380 2941 411 3000 in
428 2941 536 3018 quibus
552 2941 691 3001 trucidati
707 2941 819 3018 passim
835 2941 968 3015 iaceant,
987 2942 1057 3020 quia
1073 2961 1112 3000 ex
1128 2940 1253 3018 planitie
1270 2948 1300 3000 et

198 3041 401 3122 magnitudine
416 3042 563 3115 loeorunr,
581 3042 634 3101 ubi
649 3040 762 3100 nullum
773 3042 859 3100 datur
871 3042 1033 3119 refugium,
1050 3043 1082 3102 in
1092 3042 1203 3102 ineulta
1214 3059 1298 3121 mon·

200 3142 274 3202 tium
301 3151 331 3202 et
349 3125 536 3200 vconvallium
564 3142 749 3202 securitatem
775 3141 878 3202 miseri
898 3143 943 3200 illi
965 3143 1172 3219 confugerant3
1203 3140 1298 3200 stibi

200 3243 289 3302 etiam
305 3240 545 3318 persequentium
565 3241 699 3302 manibus
716 3241 795 3300 oaesi
813 3251 890 3302 eunt.
916 3241 1105 3302 Consimilem
1122 3242 1298 3303 sententiam

200 3342 363 3401 exhibitam
379 3341 505 3417 legimus
526 3341 558 3398 in
573 3342 727 3417 praeclaro
745 3341 909 3402 Ezechielis
926 3343 1041 3402 eantioo
1059 3343 1096 3402 de
1112 3350 1297 3421 praeteraeto

200 3441 284 3518 regui
296 3441 452 3518 Assyriaoi
469 3441 643 3516 splendore,
661 3461 686 3500 e
704 3442 830 3516 xxm,
849 3443 900 3502 ubi
913 3445 1011 3503 Assur
1027 3451 1215 3520 eomparatur
1232 3461 1298 3501 oum

201 3543 299 3615 eedro,
314 3550 343 3602 et
355 3542 537 3617 praestantia
551 3542 614 3601 eius
625 3551 654 3602 et
666 3541 884 3618 magnificentia
895 3543 1013 3604 uberius
1027 3544 1174 3620 descripta
1187 3563 1216 3602 v.
1224 3546 1296 3614 1-9,

202 3643 334 3721 sequitur
351 3642 464 3701 eversio
483 3650 512 3701 et
529 3642 687 3702 destructio
706 3663 733 3702 v.
744 3647 849 3715 11—173
868 3661 928 3722 quo
945 3644 976 3701 in
993 3662 1100 3721 genere
1117 3644 1196 3704 oanit
1212 3664 1241 3703 v.
1251 3646 1296 3701 12:

201 3743 254 3818 „in
270 3743 419 3803 montibus
441 3751 471 3802 et
492 3744 629 3803 omnibus
660 3742 844 3802 convallibus
867 3744 1032 3803 oeciderunt
1054 3744 1130 3804 rami
1158 3745 1236 3817 eius,
1268 3749 1298 3801 et

201 3843 344 3902 confracti
378 3852 447 3903 sunt
480 3845 589 3902 surculi
617 3843 679 3903 eius
706 3843 736 3901 in
765 3843 900 3903 omnibus
929 3843 1002 3903 rivis
1025 3853 1123 3904 terrae
1157 3848 1217 3905 ot.“
1245 3842 1298 3901 efr.

200 3943 341 4016 XXXII,
355 3947 403 4001 22:
427 3943 491 4017 „ibi
507 3943 611 4022 (iaeet)
628 3946 725 4003 Assur
742 3951 771 4002 et
788 3944 884 4003 omnis
905 3944 1062 4003 multitudo
1085 3944 1162 4018 eius,
1184 3944 1217 4002 in
1242 3943 1298 4003 eir-

201 4043 281 4102 euitu
298 4043 360 4104 eius
378 4044 514 4119 sepulcra
531 4062 647 4116 eorum;
673 4063 775 4103 omnes
798 4045 948 4121 percussi,
971 4045 1023 4122 qui
1046 4046 1212 4104 oeciderunt
1234 4045 1297 4120 gla-

201 4143 283 4202 dio.“
301 4177 334 4186 -
355 4157 438 4219 rapu
461 4157 536 4222 pur,
561 4163 611 4202 aee
629 4154 670 4202 eet
694 4147 744 4220 pai
767 4146 881 4220 eolle'pat
903 4145 1057 4218 disiectos,
1081 4147 1181 4208 ovium
1202 4145 1298 4204 instar
