2954 4784
179 120 228 189 40
589 127 661 188 cir.
675 129 705 201 1,
725 149 752 187 v.
769 132 879 186 12-14.

177 309 259 370 braei
285 319 362 370 suut.
409 310 499 370 LXX
520 304 579 393 τὴν
600 299 725 392 ῥάβδον
747 312 882 390 legerunt
902 327 990 395 aaut}
1015 313 1068 373 cir.
1090 314 1147 374 Ies.
1166 314 1230 389 l-x,
1252 320 1280 391 3,

178 411 259 489 quod
282 411 321 470 ad
343 403 469 472 similem
492 412 555 472 fere
578 405 696 472 sensum
721 407 806 471 redit.
841 427 923 489 puin
943 410 1101 496 nunccine]
1122 413 1199 481 acin
1222 416 1281 476 uisi

177 512 275 588 specie
288 511 363 588 plur.
371 531 430 571 non
442 512 567 590 legitur3
581 531 673 590 genus
683 521 743 571 tum
762 513 955 573 masculinum
968 513 1279 590 habetles.XXVIII,

176 617 224 685 223
254 613 326 686 LII,
350 617 382 686 23
409 614 460 672 Ps.
476 612 593 685 CXVI,
620 619 667 687 16,
698 622 761 673 tum
784 613 958 672 femininum
980 614 1045 673 lob.
1061 614 1222 692 XXXIX,
1246 621 1286 690 53·

176 714 278 772 larem.
290 712 429 786 XXVII,
447 717 472 771 2.
513 713 665 774 Liberalia
688 714 849 774 avinculis
870 709 1017 772 iudicatur
1033 716 1080 774 vel
1097 733 1124 773 v.
1139 731 1202 776 nnc
1223 716 1281 778 ies.

99 879 101 885 Α
175 813 249 888 LII,
267 813 362 886 sali,
380 815 428 873 vel
445 835 472 874 v.
487 816 613 889 pnitcfr.
631 816 735 888 Pell,
753 819 786 888 ὃς
810 816 866 874 Iar.
879 815 925 886 H,
943 819 993 886 203
1017 814 1056 888 V,
1073 813 1105 888 5'3
1123 815 1234 892 XXX,
1252 823 1282 891 8,

177 929 259 990 pean
279 914 398 974 eosdem
414 915 512 974 reddit
528 933 638 989 sonos,
657 916 765 994 quibus
783 933 810 974 v.
822 920 853 974 la
866 915 1009 975 habemus
1030 931 1119 990 aava.
1133 949 1169 960 -
1195 918 1281 993 Quae

175 1015 267 1074 verba
290 1015 437 1092 pertinere
459 1017 498 1074 ad
514 1016 671 1090 Israelem,
694 1017 774 1093 apud
797 1016 985 1078 omnesiere
1008 1016 1166 1082 constabat
1188 1017 1280 1080 inter·

175 1125 289 1191 pretes,
313 1116 446 1192 exceptis
469 1117 648 1191 Tasaccora,
667 1119 842 1190 nnumin,
865 1117 1005 1189 ammo,
1024 1115 1146 1193 quibus,
1171 1119 1284 1179 mirum
1393 1115 1395 1118 ’

176 1215 271 1274 dietul
303 1217 498 1296 Assyriorum
521 1226 551 1276 et
574 1218 703 1294 gentium
727 1217 910 1276 subditarum
928 1237 947 1274 a
963 1235 1033 1293 rege
1055 1226 1084 1276 et
1100 1236 1280 1294 oppressore

174 1317 312 1375 liberatio
331 1319 391 1377 estl
420 1317 531 1377 Verum
547 1317 688 1378 Israelem
705 1317 867 1394 appellari,
886 1317 934 1376 vel
951 1335 989 1375 ex
1007 1335 1042 1376 eo
1059 1329 1185 1395 apparet
1200 1321 1279 1396 loco,

91 1465 97 1475 ,
176 1417 227 1494 qui
245 1418 322 1478 vatis
346 1418 446 1478 animo
469 1420 644 1478 obversatus
668 1428 728 1491 est,
752 1435 818 1476 cum
835 1419 909 1477 haec
930 1418 1071 1477 scriberet
1087 1420 1195 1494 verba,
1219 1422 1278 1482 Ies.

174 1517 222 1591 X,
240 1523 287 1576 272
319 1528 376 1592 „et
399 1517 452 1578 illa
474 1519 522 1577 die
542 1520 592 1593 fit,
617 1527 649 1577 ut
670 1519 788 1578 recedat
811 1537 886 1578 onus
909 1517 971 1578 eius
994 1539 1013 1577 a
1035 1519 1150 1580 cervice
1172 1529 1225 1580 tua
1247 1531 1279 1582 et

174 1619 275 1696 iugum
293 1619 356 1678 eius
374 1639 393 1678 a
410 1620 487 1678 collo
504 1627 574 1692 tua,
599 1628 629 1677 et
645 1620 791 1697 frangitur
806 1619 908 1696 iugum
930 1639 1002 1696 prae
1019 1619 1119 1678 olcu.“
1162 1621 1280 1696 Quibus

174 1720 273 1779 verbis
290 1739 356 1779 cum
373 1719 486 1780 lessies
502 1719 614 1779 Hiskia
638 1729 779 1798 regnante
803 1720 963 1797 perniciem
979 1721 1174 1798 Assyriorum
1191 1741 1278 1799 prae-

175 1820 297 1895 diceret,
324 1839 418 1898 eaque
442 1821 560 1880 funesta
587 1821 640 1879 illa
662 1819 818 1882 Sauheribi
847 1819 930 1880 clade
958 1821 1074 1880 evenire
1099 1823 1277 1900 coepissent,

175 1919 281 1980 iisdem
305 1921 367 1980 iere
389 1921 482 1980 utitur
498 1920 670 1996 Nahumus,
699 1930 732 1980 ut
755 1922 847 1982 totius
870 1921 953 1998 regui
975 1921 1132 1982 eversione
1153 1942 1281 2002 prorsus

177 2041 213 2080 ea
228 2023 402 2098 propediem
419 2023 599 2100 significaret
614 2022 740 2082 absolvi.
780 2022 846 2100 Iugi
869 2029 967 2082 autem
990 2030 1021 2080 et
1036 2022 1220 2083 vinculorum
1239 2025 1282 2085 si·

176 2121 310 2182 militudo
334 2142 451 2183 omnem
475 2119 558 2182 illam
580 2123 671 2182 refert
693 2123 780 2201 quasi
802 2123 990 2197 servitutem,
1020 2121 1081 2200 qua
1105 2125 1145 2184 ab
1165 2125 1280 2186 Achasi

174 2231 307 2300 tempore
322 2225 512 2300 premebatur
528 2224 654 2296 iudaea3
676 2243 746 2284 nam
763 2224 832 2284 licet
856 2242 956 2283 annua
971 2224 1146 2301 plerumque
1165 2225 1280 2286 tributa

175 2332 289 2383 tantum
306 2324 461 2400 pendenda
478 2334 577 2399 erant,
596 2345 631 2384 ea
648 2333 748 2385 tamen
763 2343 819 2401 pro
832 2323 1029 2401 Assyriorum
1045 2325 1171 2384 arbitrio
1186 2327 1278 2386 modo

178 2425 317 2501 graviora
332 2425 422 2483 modo
445 2423 559 2484 leviora
579 2425 823 2502 imponebantur3
849 2423 969 2498 deinde,
992 2425 1062 2484 licet
1076 2425 1159 2486 iussa
1175 2445 1278 2487 eorum

178 2525 274 2584 facere
290 2544 350 2583 non
367 2544 483 2602 semper
499 2525 662 2601 debebant,
686 2525 793 2585 timore
809 2534 908 2584 minen
923 2534 1066 2603 perpetuo
1083 2527 1278 2604 angebantur,

174 2645 231 2698 ne,
261 2625 332 2702 quid
358 2626 441 2702 passi
464 2627 502 2685 ab
525 2627 564 2685 iis
586 2627 740 2686 israelitae
763 2634 864 2699 eraut,
885 2626 968 2702 ipsos
992 2645 1111 2704 quoque
1135 2638 1277 2689 maneret.

172 2726 327 2800 Ceterum,
357 2726 444 2785 sicuti
472 2727 648 2787 sententiam
677 2727 778 2803 potius
803 2725 917 2786 Iesaiae
944 2745 1033 2803 quam
1062 2729 1155 2787 verba
1182 2729 1278 2806 repeti

172 2827 322 2901 videmus,
349 2827 394 2886 ita
415 2827 599 2886 vinculorum
623 2827 712 2886 etiam
745 2827 953 2904 cogitationem
983 2828 1097 2887 addidit
1119 2837 1218 2904 vates,
1244 2831 1277 2890 in

171 2947 267 3006 eoque
283 2927 432 2988 Manassis
454 2927 657 3004 captivitatem
680 2928 826 3004 respicere
845 2928 975 3001 videtur,
1001 2929 1082 3005 quod
1103 2931 1198 3006 probe
1222 2950 1276 2990 no·

171 3030 247 3088 tavit
270 3028 478 3102 mainerium
506 3029 550 3088 ita
574 3028 655 3088 facta
677 3029 740 3088 eius
762 3037 833 3105 post
857 3037 1039 3106 praestatem
1062 3030 1275 3106 poenitentiam

170 3129 305 3188 remissio
323 3129 453 3200 vaticinii
475 3129 592 3206 plenius
616 3129 748 3188 eventuri
769 3129 877 3206 pignus
895 3137 967 3188 erat.
985 3163 1022 3174 -
1057 3129 1105 3190 Ne
1123 3131 1158 3190 de
1176 3133 1276 3192 decem

170 3230 299 3288 tribuum
324 3229 496 3306 captivitate
519 3230 701 3288 absolvenda
725 3229 888 3310 cogitemus
911 3228 1013 3305 (Ew.,
1036 3230 1158 3311 Hira),
1184 3233 1276 3292 totius

171 3328 283 3388 oraculi
299 3329 400 3387 indole
416 3338 446 3388 et
462 3330 578 3388 ratione
595 3339 738 3389 vetamur.
757 3363 794 3373 -
823 3332 927 3390 Ierem.
940 3331 1051 3404 XXX,
1069 3337 1086 3390 8
1102 3332 1274 3392 vaticinium

169 3431 206 3490 de
222 3429 361 3488 universa
377 3439 463 3507 gente
480 3449 566 3490 sacra
583 3431 621 3489 ab
640 3431 775 3489 omnibus
798 3431 918 3488 omuino
942 3431 1079 3492 hostibus
1096 3433 1276 3492 vindicanda
1338 3414 1343 3418 ’

57 3529 60 3538 ’
168 3530 283 3590 Iesaiee
300 3530 387 3590 simul
404 3541 434 3590 et
449 3529 582 3591 Nahumi
605 3530 701 3589 editur
719 3531 831 3590 verbis:
863 3539 921 3604 „et
942 3532 977 3590 lit
1001 3529 1054 3590 illa
1076 3531 1138 3606 die,
1164 3535 1274 3594 dictum

168 3629 292 3690 Domini
309 3632 508 3706 exercituum,
531 3632 668 3708 frangam
684 3631 787 3709 iugum
803 3631 866 3691 eius
884 3631 920 3690 de
937 3629 1015 3690 collo
1033 3640 1084 3692 tuo
1096 3640 1098 3644 '
1109 3643 1141 3695 et
1155 3635 1275 3694 vincula

169 3740 219 3790 tua
236 3731 419 3807 dilacerabo,
438 3751 492 3792 uec
509 3730 636 3808 amplius
653 3751 688 3792 eo
706 3732 836 3792 servient
851 3732 1046 3810 peregrinis.“
