2954 4808
556 1097 755 1170 CAPUT
783 1101 864 1170 m.

460 1250 514 1314 Dli
539 1252 755 1356 VrlTlClNIO
785 1252 897 1317 NAHU
933 1253 955 1316 l.

660 1423 760 1431 ——-

358 1593 384 1668 §.
403 1599 428 1650 ss.
455 1605 583 1658 BREVIS
602 1609 819 1660 ARGUMENTI
839 1608 1059 1661 PROPOSITIO.

158 1737 318 1834 Quoniam
342 1767 572 1844 explicavimus,
605 1769 768 1828 cuiusmodi
790 1769 881 1830 fuerit
902 1789 1000 1828 rerum
1024 1770 1210 1829 Iudaicarum
1234 1779 1263 1830 et

157 1867 351 1944 Assyrias-um
370 1869 516 1942 conditio,
536 1868 574 1927 ad
592 1889 681 1947 quam
699 1871 776 1930 vatis
793 1871 921 1947 pertinet
938 1871 1052 1944 oratio,
1071 1871 1175 1947 paucis
1201 1872 1261 1929 iam

157 1976 362 2044 argumentum
379 1970 441 2028 eius
458 1970 574 2028 videtur
590 1971 847 2047 perstringendum
865 1991 939 2030 esse.
964 1971 1004 2030 ld
1019 1972 1100 2048 quod
1125 1972 1212 2030 facile
1229 1972 1260 2028 in

155 2078 217 2127 tres
235 2067 410 2128 describitur
426 2078 543 2145 partes,
562 2072 680 2130 easdem
697 2071 782 2144 illas,
802 2091 877 2149 quae
895 2072 1026 2147 capitum
1043 2071 1190 2130 divisione
1208 2089 1261 2128 no·

156 2177 235 2227 tatas
259 2189 278 2227 a
301 2171 437 2245 patribus
461 2171 642 2247 accepimus3
672 2189 748 2247 quae
770 2172 813 2230 ita
834 2172 912 2230 iuter
938 2189 970 2230 se
997 2171 1198 2244 continentur,
1229 2179 1262 2228 ut

156 2269 261 2345 primo
278 2271 374 2346 capite
397 2271 552 2331 universae
577 2271 677 2330 iudicii
701 2272 737 2330 de
753 2271 835 2330 Nino
854 2273 1036 2348 exsequendi
1054 2278 1262 2348 proponantur

157 2370 301 2443 rationes,
328 2371 422 2429 altero
440 2380 537 2430 autem
553 2371 649 2449 ipsius
667 2349 829 2432 eversionis
847 2373 1019 2452 delineetur
1032 2373 1147 2448 imago,
1171 2370 1260 2430 tertio

158 2469 284 2548 denique
295 2491 417 2531 caussae
431 2472 539 2530 excidii
552 2482 581 2531 et
590 2473 733 2531 certitudo
748 2482 777 2531 et
790 2473 962 2550 magnitudo
975 2473 1167 2549 explicentur.

207 2573 254 2630 Ac
275 2572 402 2648 primum
428 2573 561 2650 quidem,
591 2573 733 2650 quoniam
758 2592 845 2632 omne
866 2574 1078 2649 prophetarum
1108 2591 1260 2632 sacrorum

157 2691 263 2731 munus
286 2671 316 2730 in
341 2673 406 2750 lege
428 2681 563 2732 versatur
588 2674 766 2750 explicanda
793 2684 883 2751 atque
904 2673 1096 2746 inculcanda,
1127 2682 1211 2733 vates
1242 2692 1261 2730 a

158 2791 272 2832 summa
288 2774 380 2850 legis,
404 2774 468 2832 zelo
486 2774 608 2832 Domini
627 2783 655 2833 et
673 2775 791 2851 energia
800 2775 818 2847 ¹,
844 2775 994 2850 profectus
1020 2791 1049 2831 v.
1063 2779 1095 2846 2,
1114 2777 1172 2846 3a,
1197 2772 1261 2830 uni-

157 2889 273 2934 versam
290 2872 391 2932 iudicii
408 2873 500 2933 divini
517 2883 669 2946 naturam,
694 2884 723 2932 et
747 2876 818 2949 quid
841 2875 879 2932 ab
904 2893 939 2932 eo
964 2875 1099 2932 homines
1117 2881 1146 2930 et
1163 2890 1261 2930 rerum

156 2980 264 3032 natura
297 2975 416 3032 omnino
450 2976 617 3050 patiantur,
660 2974 893 3032 luculentissima
924 2974 1053 3050 imagine
1087 2972 1261 3048 perstringit

157 3093 185 3132 v.
200 3075 314 3146 3b-63
332 3085 410 3148 turn,
429 3075 500 3152 quid
517 3075 586 3133 inde
603 3085 720 3134 maneat
735 3075 819 3150 regni
837 3074 929 3131 divini
948 3073 1045 3145 cives,
1070 3072 1142 3149 quid
1158 3073 1259 3130 hostes

157 3175 237 3246 eius,
261 3175 380 3234 uberius
398 3177 484 3234 docet
501 3195 529 3234 v.
544 3179 561 3232 7
570 3181 650 3232 -11:
674 3175 821 3234 Dominus
839 3174 931 3246 enim,
955 3173 1007 3250 qui
1029 3173 1186 3249 zelotypus
1203 3180 1258 3245 est,

156 3275 234 3332 idem
259 3275 356 3335 bonus
379 3285 438 3349 est,
462 3285 553 3352 atque
579 3276 652 3334 adeo
671 3276 798 3334 Iudaeos
821 3283 850 3333 et
873 3275 1040 3352 quicunque
1063 3291 1147 3334 suam
1169 3274 1200 3330 in
1224 3291 1259 3330 eo

156 3375 294 3434 fiduciam
312 3377 457 3436 collocare
474 3377 584 3449 valent,
609 3395 661 3435 eos
678 3376 716 3433 ab
735 3376 963 3452 oppressoribus
987 3375 1133 3446 vindicat3
1155 3375 1258 3433 hostes

157 3483 255 3534 autern
272 3471 374 3536 omnes
391 3477 578 3554 maximeque
595 3478 756 3553 Assyrios,
783 3475 916 3536 funditus
934 3477 1047 3534 evertit.
1076 3476 1182 3553 Itaque
1200 3483 1261 3533 sta-

158 3585 253 3633 tutum
275 3576 323 3634 dei
345 3577 500 3637 consilium
523 3578 559 3635 de
583 3577 807 3652 exstinguendis
832 3576 966 3653 Assyriis
995 3585 1024 3632 et
1045 3575 1157 3634 Israele
1186 3574 1260 3632 libe·

157 3677 251 3734 randa
267 3678 351 3735 brevi
369 3678 513 3736 sententia
531 3677 698 3735 declaratur
714 3697 743 3734 v.
762 3680 821 3732 12-
832 3681 873 3732 14.

208 3777 270 3835 Vix
288 3786 384 3836 autem
404 3778 554 3837 enuntiato
572 3777 694 3834 Domini
712 3777 812 3848 iussu,
831 3773 987 3833 confestim
1005 3773 1155 3830 tremenda
1173 3772 1261 3830 simul

158 3886 188 3935 et
209 3877 348 3936 laetanda
373 3878 485 3955 specics
510 3877 608 3936 animo
633 3875 695 3935 eius
720 3883 809 3951 atque
832 3874 924 3932 oculis
949 3873 1081 3936 offertur.
1118 3872 1261 3931 Exercitu

158 3978 235 4036 enim
252 3979 404 4055 praeclaro
422 3997 441 4036 a
454 3977 585 4036 Domino
603 3978 641 4036 ad
658 3973 865 4035 vindicandam
882 3970 1003 4034 Israelis
1016 3971 1190 4048 dignitatem
1208 3991 1260 4030 ex-

157 4078 248 4136 citato
265 4080 378 4160 cap.·Il‚
392 4099 420 4138 v.
436 4082 519 4150 1-5,
546 4078 658 4137 Ninum
683 4077 847 4152 expugnari
871 4074 1016 4150 primurn,
1040 4073 1144 4131 deinde
1166 4071 1261 4168 homi-

200 4301 236 4367 l)
253 4303 305 4354 cfr.
323 4303 406 4354 ond.
424 4303 492 4364 XX,
512 4303 535 4352 5.
563 4303 639 4352 Deut.
656 4301 686 4363 V,
704 4303 728 4350 9.

1022 4379 1039 4414 V
