2954 4808
606 229 678 289 οη.
692 229 722 302 1,
742 249 770 288 v.
785 231 895 288 au-e.
1251 229 1296 298 15

197 416 281 489 inde,
300 416 326 475 si
343 414 487 476 translate
503 415 582 473 dicta
599 421 756 490 putentur,
773 433 849 492 quae
865 411 1007 489 legimus,
1024 432 1060 472 ea
1076 415 1202 490 primum
1220 417 1299 478 ratio

197 526 260 590 est,
285 525 318 576 ut
334 535 418 576 snam
436 515 565 593 quidque
586 516 696 574 habere
712 522 890 591 potestatem
907 513 1101 592 symbolicam
1118 516 1298 590 existiment,

197 635 276 694 quac
290 617 446 693 multiplici
462 617 500 674 V.
514 616 564 674 Ti.
579 632 634 675 usu
652 633 831 693 magnopere
847 615 1067 690 comprobatur.
1105 615 1299 678 Transfertur

196 718 275 775 enim
292 718 372 776 haud
387 735 473 790 raro,
496 725 529 774 ut
551 735 590 774 ex
612 717 757 792 exemplis
781 725 828 776 sat
844 715 944 774 multis
961 725 1100 791 apparet,
1125 737 1178 793 per
1195 719 1298 778 simili-

194 818 328 876 tudinem
344 837 428 878 mare
443 818 481 876 ad
498 826 601 894 gentes
618 817 673 876 deo
690 817 891 890 adversarias,
909 816 990 875 fluvii
1004 816 1043 874 ad
1054 817 1165 876 victum
1181 826 1210 877 et
1227 820 1297 880 sub-

195 919 288 990 sidia,
317 925 478 994 tempestas
502 919 540 976 ad
562 918 762 977 calamitatum
786 917 1015 989 vehementiam3
1045 918 1084 976 ad
1111 919 1297 979 atrocitatem

193 1018 370 1098 iudiciorum
394 1017 503 1090 nubes;
533 1018 649 1091 Basan,
675 1017 844 1091 Carmelus,
868 1017 1001 1078 Libanus
1029 1026 1166 1077 ornatum
1194 1022 1296 1080 mundi

194 1135 340 1176 summum
356 1121 502 1191 referunt,
527 1127 644 1178 montes
666 1137 758 1195 regna
774 1117 938 1191 mundana,
961 1137 1050 1194 rupes
1068 1102 1295 1197 denique‘prae-

193 1219 302 1278 sidium
319 1225 351 1276 et
365 1219 519 1296 refugium.
554 1219 661 1297 Neque
678 1229 771 1293 esset,
789 1219 859 1298 quin
881 1219 929 1277 hic
946 1237 1065 1297 quoquc
1081 1220 1225 1304 eiusmodi
1243 1224 1295 1281 cd-

192 1320 374 1380 mitteremus
391 1319 620 1393 similitudines,
643 1319 702 1379 nisi
726 1320 756 1378 in
779 1319 875 1396 medio
900 1319 1112 1378 sententiarum
1133 1339 1295 1397 progressu

191 1441 220 1479 v.
238 1421 290 1478 eb·
305 1421 387 1480 orbis
403 1429 560 1479 terrarum:
573 1439 639 1480 cum
659 1420 764 1480 incolis
781 1420 843 1480 suis
858 1420 982 1495 proprio
1004 1438 1093 1479 sensu
1110 1421 1297 1497 appelleren-

191 1529 256 1595 tnr,
274 1520 320 1579 sic
334 1528 471 1598 pergeret
486 1539 515 1579 v.
531 1526 588 1594 tn,
608 1529 637 1579 et
654 1523 695 1580 eb
714 1521 875 1581 secundum
890 1520 974 1578 illam
990 1527 1125 1580 normam
1143 1523 1297 1582 exhiberet

188 1639 293 1681 rursus
311 1621 479 1698 imaginem.
513 1621 616 1699 Longe
633 1622 730 1680 minus
748 1621 836 1682 etiam
853 1621 975 1694 idonea,
1000 1620 1070 1680 licet
1086 1621 1216 1682 eiusdem
1232 1623 1295 1682 fere

190 1721 308 1798 generis
325 1722 379 1795 sit,
397 1739 499 1780 eornm
516 1722 662 1781 sententia
678 1731 737 1795 est,
756 1723 808 1799 qui
825 1741 886 1780 non
899 1722 1052 1782 universas
1069 1723 1216 1798 quasdem
1227 1743 1293 1800 spe·

190 1823 266 1896 cies,
292 1824 343 1882 sed
366 1831 463 1882 certos
486 1823 614 1902 populos
637 1829 667 1882 et
688 1833 772 1899 reges
794 1822 972 1899 imaginibus
994 1822 1055 1882 illie
1071 1822 1222 1900 indigitari
1239 1845 1294 1901 per

190 1923 363 1999 allegoriam
380 1924 522 1996 doceant,
539 1923 631 1982 veluti
642 1924 794 1984 Israelitas
806 1923 1078 2000 (Tuuouoaurus),
1097 1922 1294 1984 Sauheribum

189 2023 399 2101 (Keneston),
430 2024 577 2101 Assyrios
610 2024 790 2103 (Hmnou.),
825 2023 1106 2084 Nebucednezarem
1135 2025 1292 2104 (Auem).

189 2126 222 2196 4)
238 2123 367 2200 Propius
391 2125 480 2182 etium
502 2125 645 2183 accedunt
666 2127 704 2186 ad
721 2126 890 2197 veritatem,
913 2123 965 2200 qui
988 2143 1049 2182 non
1071 2123 1101 2180 in
1118 2143 1216 2183 rernm
1238 2144 1291 2184 ne'-

189 2233 271 2296 tura,
296 2225 401 2284 sedin
424 2229 518 2285 sensu
534 2233 564 2284 et
585 2226 692 2285 animis
714 2243 816 2284 eorum
833 2223 938 2284 confici
958 2223 1013 2282 illa
1034 2223 1149 2296 dicant,
1173 2226 1224 2303 qui
1247 2226 1294 2284 irs

188 2325 290 2384 divina
306 2333 515 2398 exerceantur,
532 2325 643 2403 qnippe
660 2324 712 2404 qui
728 2343 840 2401 angore
858 2333 919 2385 tam
935 2325 1046 2400 ingenti
1063 2325 1242 2400 crucientur,
1260 2336 1293 2386 ut

188 2426 317 2485 titubare
334 2434 364 2484 et
379 2427 502 2487 deficere
523 2427 578 2486 sub
596 2426 721 2502 pedibus
738 2425 836 2486 solum
853 2426 1011 2502 opinentur
1027 2434 1066 2485 ot.
1083 2435 1121 2484 ct.
1157 2425 1246 2502 Quod
1263 2437 1295 2486 et

188 2526 309 2586 insitum
331 2527 443 2586 nostris
466 2527 573 2587 aminis
596 2545 681 2600 esse,
701 2533 731 2586 ct
753 2527 856 2585 sentiri
879 2527 957 2586 haud
973 2545 1059 2597 raro,
1081 2525 1132 2586 ubi
1149 2529 1293 2604 gravibus

188 2645 282 2704 genus
311 2628 470 2686 humanum
500 2628 665 2686 concutitur
693 2627 829 2699 casibus,
865 2627 1082 2686 concedendum
1112 2636 1173 2700 est3
1203 2629 1291 2688 facile

189 2737 288 2788 tamen
297 2726 494 2805 intelligitur,
520 2728 547 2787 si
562 2727 696 2806 ingentes
713 2728 875 2804 prophetae
892 2727 1087 2805 cogitationes
1105 2729 1225 2788 deberet
1241 2747 1291 2788 ae·

186 2847 295 2906 qnare,
319 2829 396 2888 hunc
419 2847 537 2888 sensum
552 2829 674 2888 nimium
691 2837 834 2906 quantum
855 2829 921 2888 fore
943 2828 1184 2906 exaggerandum
1200 2837 1291 2908 atque

186 2929 434 3006 amplificandum.

237 3028 331 3090 Suum
354 3031 446 3107 igitur
469 3029 574 3107 cuique
596 3029 705 3088 rationi
732 3030 854 3089 subesse
877 3047 992 3087 verum·
1009 3027 1158 3102 videmus,
1188 3030 1290 3090 deesse

186 3140 286 3190 tamen
303 3131 435 3208 aliquid,
452 3139 486 3189 ut
502 3131 748 3207 magnificentiam
764 3131 924 3190 verborum
939 3129 1059 3206 assequi
1075 3129 1184 3190 valeat.
1210 3130 1291 3205 Quid

185 3231 247 3290 iat
279 3232 436 3290 tenendum
452 3239 522 3290 ente
539 3230 639 3290 omnia
662 3249 831 3304 censemus,
854 3235 913 3290 non
935 3230 1126 3288 meditatione
1143 3232 1243 3309 aliqua
1258 3239 1291 3291 et

186 3331 310 3392 consssio
327 3332 463 3390 inventas
480 3351 501 3390 a
516 3339 585 3391 vate
601 3332 745 3408 imagines
762 3351 842 3406 esse,
868 3340 903 3390 nt
918 3340 1014 3392 certas
1032 3331 1177 3408 quasdam
1192 3333 1288 3392 invol-

185 3441 288 3492 verent
312 3432 441 3508 species,
468 3434 520 3492 sed
544 3433 662 3492 oblatas
686 3433 714 3492 ei
737 3452 791 3509 per
814 3429 974 3494 visionem
1012 3431 1089 3492 Tum
1113 3453 1184 3492 vero
1208 3435 1289 3493 miri·

184 3533 242 3593 fica
264 3533 332 3606 illa,
359 3534 488 3612 quaein
511 3534 723 3610 prophetarum
738 3534 902 3594 visionibus
918 3542 979 3607 est,
1005 3533 1097 3592 divini
1121 3535 1243 3612 spiritus
1260 3544 1290 3594 et

184 3632 296 3710 ingenii
312 3633 433 3694 humani
455 3635 583 3694 societas
600 3635 744 3712 quaedam
767 3644 797 3708 et
819 3635 985 3694 communio
1002 3634 1217 3693 consideranda
1233 3641 1288 3708 cst,

185 3753 263 3810 quac
285 3735 429 3794 eiusmodi
454 3739 515 3807 est,
543 3743 578 3794 ut
606 3735 755 3812 segregari
781 3735 906 3794 aiterum
929 3736 967 3793 ab
995 3734 1089 3792 altero
1111 3734 1290 3810 cogitatione

185 3841 290 3894 nostra
306 3854 366 3892 non
383 3835 488 3911 possit.
512 3835 670 3896 Postremo
688 3837 917 3912 dignoscendum
933 3853 1050 3910 semper
1066 3834 1139 3907 erit,
1158 3853 1290 3910 quonam

187 3934 276 3994 modo
292 3936 358 4010 ipse
375 3935 571 4008 intellexerit,
596 3955 672 4014 quae
688 3936 778 4009 vidit,
798 3945 896 4009 vates„
919 3954 979 4013 qno
996 3954 1051 3996 soe
1065 3935 1104 3992 id
1122 3943 1218 3994 mente
1236 3953 1288 3993 ex-

187 4036 318 4111 ceperint
339 4036 507 4109 lsraelitae,
535 4055 595 4113 quo
624 4036 750 4114 denique
777 4037 808 4095 in
837 4037 968 4095 omniurn
991 4037 1129 4111 deinceps
1159 4043 1292 4100 aetatum¹

185 4137 386 4194 convertenda
403 4156 488 4195 usum
506 4137 670 4195 videantur.
697 4136 813 4211 Quibus
826 4157 865 4195 ex
882 4137 1037 4215 principiis
1055 4155 1199 4215 quaenam
1218 4155 1287 4194 con·

184 4236 300 4295 ficiatur
317 4237 464 4298 sufficiens
482 4245 512 4297 et
528 4237 636 4296 idonea
652 4238 797 4298 sermonis
815 4238 979 4322 prophetici
1002 4237 1095 4312 ratio,
1121 4256 1179 4297 non
1197 4235 1288 4300 inter·
