2954 4808
166 195 189 238 x
525 179 768 237 Pronreemm.
792 173 865 236 Car.
883 178 906 235 Ι.

166 361 333 432 dicebatur,
358 359 478 436 regione
500 361 585 420 sedes
611 379 712 418 eorum
737 361 911 420 distributas
934 359 1043 432 fuisse,
1073 364 1269 437 comprobare

167 469 290 519 conatus
308 468 369 532 cst,
393 468 483 537 atque
506 461 581 519 adeo
605 461 667 518 veri
690 461 778 519 etiam
803 460 928 520 similius
952 459 1060 532 videri,
1088 471 1120 519 ut
1137 461 1268 521 Nahumi

166 561 265 637 patria
281 560 370 618 fuerit
386 560 521 620 Alkoseh
539 561 612 618 illud
630 562 708 636 apud
725 561 877 638 Tigridem
896 561 993 619 situm.
1021 563 1065 618 At
1082 581 1152 619 vero
1172 564 1268 622 omnis

165 661 240 718 haee
259 661 296 718 de
312 661 418 718 exsilio
436 662 534 718 decem
554 661 680 718 tribuum
699 663 836 737 quaestio
853 662 885 719 in
906 668 967 718 tam
984 661 1099 719 lubrico
1116 670 1207 740 atque
1223 663 1268 720 in·

167 760 267 819 stabili
285 769 419 818 versatur
436 761 520 833 loco,
544 761 597 819 vix
621 769 654 818 ut
671 761 833 838 quidquam
856 762 925 819 inde
942 761 1076 818 concludi
1094 771 1185 837 atque
1202 763 1269 821 elici

166 879 257 936 posse
273 859 416 919 videatur.

122 967 123 970 ’
216 961 248 1038 4)
269 959 347 1018 Tum
369 979 440 1018 vero
463 979 549 1018 nemo
571 978 697 1036 usquam
721 959 849 1018 traditur
871 961 1017 1036 propheta
1037 961 1068 1018 in
1092 959 1192 1018 decem
1215 960 1267 1018 tri·

166 1063 257 1120 buum
275 1060 381 1118 exsilic
398 1059 490 1119 fuisse
507 1070 642 1120 versatus
648 1081 657 1131 3
682 1059 813 1118 Nahumi
830 1060 921 1136 igitur
939 1060 1053 1118 unicum
1072 1068 1101 1118 ct
1119 1059 1268 1136 singulare

167 1171 245 1220 esset
262 1159 429 1235 exemplam
454 1160 534 1236 quod
557 1161 697 1238 quoniam
715 1159 853 1242 universo
871 1161 1089 1234 reprobationis
1106 1159 1213 1231 statui,
1235 1160 1266 1218 in

166 1279 230 1337 quo
242 1259 398 1318 Israelitae
410 1259 531 1318 fuorunt
543 1260 705 1333 constituti,
717 1259 769 1316 vix
786 1259 884 1335 possit
900 1260 1054 1335 adaptari,
1073 1257 1099 1319 si
1117 1259 1266 1316 nihilomi-

166 1379 223 1419 nus
241 1368 319 1418 esset
340 1359 555 1434 accipiendum,
581 1369 629 1418 sat
652 1359 758 1418 validis
783 1368 873 1436 atque
896 1360 1065 1418 efficacibus
1087 1359 1268 1440 argumentis

168 1459 424 1518 commendaretur
440 1467 567 1534 oportet.
588 1462 632 1518 At
649 1459 675 1518 si
696 1457 827 1517 Nahumi
850 1460 1064 1534 perlustramur
1087 1458 1267 1530 vaticinium,

168 1559 271 1618 mirari
294 1559 395 1618 statim
422 1559 515 1630 subit,
541 1560 623 1636 quod
648 1558 731 1617 nullo
756 1560 887 1634 tangitur
911 1559 1019 1631 verbo,
1042 1558 1100 1633 ipsi
1124 1558 1185 1616 vati
1208 1576 1268 1615 non

168 1658 281 1730 minus,
308 1677 398 1734 quam
422 1658 557 1717 omnibus
579 1659 648 1732 illis,
668 1659 767 1734 quiin
784 1658 837 1716 illa
852 1657 927 1716 Nini
952 1658 1102 1716 vicinitate
1124 1657 1267 1729 viverent,

169 1777 313 1818 summum
337 1759 449 1816 instare
470 1758 632 1833 periculum
656 1759 694 1816 ab
717 1757 869 1831 hostibus,
899 1757 951 1834 qui
973 1779 992 1816 a
1017 1755 1218 1834 septentrione
1239 1765 1270 1815 'et

169 1859 282 1916 oriente
300 1858 439 1916 accedere
456 1859 609 1917 debebant.
634 1858 685 1915 cfr.
704 1877 795 1933 supra
813 1859 852 1916 ad
867 1859 899 1930 Ι,
915 1838 942 1915 l.

220 1959 252 2036 5)
275 1956 330 2016 oui
348 1966 520 2034 argumento
538 1977 598 2016 non
617 1959 740 2016 multum
764 1959 972 2029 tribueremus,
997 1957 1023 2015 si
1045 1957 1119 2032 ipsis
1137 1955 1268 2014 Nahumi

170 2057 268 2118 verbis
293 2057 380 2116 aliter
402 2059 581 2116 doceremur.
617 2057 805 2117 Centcndunt
829 2059 905 2116 enim
928 2059 1014 2115 huius
1037 2055 1198 2114 sententiae
1214 2075 1269 2131 pa·

169 2157 263 2230 troni,
289 2158 426 2216 subtilem
442 2158 574 2216 locorum
592 2158 788 2234 cognitionem
807 2179 826 2216 a
842 2167 910 2216 rate
926 2154 1064 2231 probari,
1088 2163 1118 2212 et
1139 2154 1269 2230 singula-

169 2277 231 2316 rem
255 2258 434 2333 reipublicae
456 2259 651 2334 Assyriorum
674 2265 710 2316 ‘et
732 2278 828 2316 rerum
853 2265 1002 2334 gestorum
1028 2273 1201 2331 morumque
1225 2254 1269 2310 in-

170 2376 260 2433 super
277 2358 350 2418 satis
367 2366 534 2416 accuratam
551 2358 697 2433 peritiam.
730 2358 814 2432 Quae
837 2355 1000 2416 cuiusmodi
1023 2355 1095 2427 sint,
1120 2353 1270 2412 examine-

169 2477 245 2516 mus.
283 2457 432 2516 Laudavit
461 2457 602 2517 'fuemus
631 2458 652 2516 Ι.
666 2457 685 2516 l.
714 2477 743 2533 p.
759 2463 791 2516 67
819 2476 940 2533 campos
971 2455 1049 2514 circa
1077 2456 1180 2512 urbem
1208 2455 1269 2512 late

169 2566 305 2634 patentes
324 2565 569 2616 commemoratos
586 2557 631 2630 Il,
649 2561 709 2615 v.5
727 2558 804 2633 (buu
825 2558 970 2634 ntsnn2);
990 2575 1050 2632 quo
1067 2563 1165 2612 tamen
1177 2555 1268 2613 verbo

169 2676 231 2716 non
247 2675 368 2732 campos
385 2665 520 2732 apertos,
540 2657 591 2716 sed
608 2657 723 2732 plateas
741 2655 874 2716 suburbii
890 2655 1014 2714 indicari
1029 2653 1221 2730 probavimus
1238 2653 1269 2710 in

170 2776 275 2816 comm.
292 2777 322 2833 p.
337 2761 385 2828 623
403 2756 508 2814 deinde
526 2757 770 2833 „propugnacula
787 2757 846 2829 HI,
867 2760 898 2812 12
917 2765 946 2813 et
961 2764 1057 2813 turres
1069 2753 1115 2824 II,
1134 2757 1171 2809 2⁶⁶
1189 2752 1269 2810 haud

170 2875 255 2916 secus
277 2858 316 2916 ad
338 2857 610 2932 interpretationem
634 2877 693 2914 non
715 2858 809 2932 probe
830 2855 995 2913 institutam
1020 2851 1173 2910 referenda
1191 2860 1269 2922 sunt,

169 2956 214 3016 uti
230 2977 258 3015 a.
275 2958 323 3015 hh.
340 2957 371 3016 ll.
390 2958 578 3028 ostendetur3
603 2956 803 3015 aedificiorum
820 2953 945 3012 materia
961 2953 1023 3025 III,
1043 2957 1075 3010 14
1098 2969 1158 3008 non
1181 2970 1269 3026 pecu·

169 3057 273 3116 liorem
291 3077 356 3117 esse
373 3057 509 3134 Assyriis
526 3057 690 3115 videbimus
696 3077 705 3129 ;
728 3064 790 3114 tum
808 3073 879 3112 vero
897 3053 992 3129 portis
1010 3053 1047 3111 ad
1064 3051 1185 3110 fluvium
1203 3051 1269 3110 sitis

170 3157 253 3229 11,r
277 3157 474 3234 potentissimi
497 3157 580 3232 regni
601 3165 691 3232 caput
712 3156 855 3214 munitum
881 3173 961 3226 esse,
985 3162 1037 3212 sut
1060 3151 1209 3210 audivisse
1231 3151 1269 3208 ab

169 3257 245 3332 ipsis
262 3257 397 3332 Assyriis
417 3256 516 3331 potuit
532 3256 669 3328 Nahum,
696 3256 747 3332 qui
773 3255 859 3314 toties
876 3254 1078 3312 Palaestinam
1094 3269 1269 3327 peragrave-

170 3363 252 3428 rant,
280 3364 331 3413 aut
349 3355 549 3413 concludendo
573 3356 661 3414 etiam
678 3355 772 3414 valuit
789 3354 946 3426 coniicere,
971 3372 1037 3410 cum
1061 3351 1099 3408 ad
1118 3350 1271 3426 Tigridem

169 3455 301 3531 positum
324 3473 390 3514 esse
412 3463 570 3514 constaret.
607 3455 704 3512 Porro
731 3455 812 3532 quod
834 3454 976 3512 Tucnrus
1000 3450 1141 3510 delicatos
1164 3449 1271 3507 civium

170 3575 267 3614 mores
292 3556 379 3614 affert
405 3556 600 3631 reprehensos
624 3556 670 3628 11,
690 3561 714 3613 6.
739 3555 803 3628 ΙΠ,
823 3557 872 3626 13,
905 3552 1012 3610 nullius
1042 3569 1106 3609 esse
1129 3547 1271 3608 momenti

170 3657 325 3728 concedet,
353 3655 404 3734 qui
428 3656 584 3732 diligenter
605 3657 661 3714 hos
683 3656 765 3714 locos
789 3653 961 3712 excusserit.
995 3652 1152 3710 Postremo
1182 3668 1271 3726 quam

169 3774 266 3814 rerum
285 3757 323 3814 ab
335 3756 473 3832 Assyriis
490 3767 639 3832 gestarum
657 3763 808 3814 asseverat
825 3753 1022 3830 cognitionem
1040 3749 1172 3826 conspici
1189 3749 1214 3821 I,
1230 3753 1271 3820 11,

170 3874 205 3912 ea
229 3856 276 3913 vel
300 3855 503 3914 tenuissimam
527 3857 725 3931 cuiuscunque
747 3853 849 3911 Iudaei
872 3852 1043 3910 memoriam
1060 3850 1114 3908 vix
1134 3855 1273 3924 poterant

169 3955 313 4030 effugere3
337 3974 391 4013 nec
414 3956 510 4014 minus
527 3955 611 4028 futile
629 3963 688 4027 est,
714 3955 795 4032 quod
813 3973 848 4011 ex
868 3953 992 4029 perfidia
1014 3950 1110 4027 gentis
1126 3949 1191 4020 ΙΙΙ,
1208 3953 1226 4004 4
1243 3955 1272 4004 et

170 4061 365 4112 mercatorum
379 4055 683 4127 multitudine.111,1c
700 4054 881 4130 reipublicae
898 4060 1006 4112 statum
1021 4049 1186 4109 accuratius
1204 4066 1271 4124 per·

170 4162 301 4230 spectum
328 4154 459 4213 coniecit.
482 4189 516 4198 -
546 4157 589 4214 At
610 4156 769 4215 verendum
795 4152 866 4214 mihi
890 4153 1021 4224 videtur,
1045 4169 1081 4208 ne
1107 4169 1122 4206 e
1148 4147 1271 4212 mirifice
