2954 4808
181 203 255 246 xurv
527 187 772 247 Pnonuuouunn.
799 187 872 246 One.
893 189 930 246 Il.

181 380 288 448 postea
323 369 469 429 communi
507 370 595 444 Nini,
626 373 734 446 „urbis
770 373 962 450 magnae,“¹
999 373 1117 431 nomine
1153 393 1284 450 compre·

181 547 380 557 ...—.-..--——-—

181 683 263 732 teutia
280 682 445 746 comprobata
461 683 550 754 fuerit,
568 681 653 732 Resen
672 685 739 733 inter
750 683 903 734 Nimrudem
922 693 947 734 et
958 683 1099 734 Mossulam
1116 685 1191 734 sitam
1208 684 1286 733 fuisse

182 767 350 830 opinabimur.
386 767 505 817 Ceterum
529 783 545 816 a
565 776 635 819 recto
662 770 795 820 aberrasse
819 770 919 819 videtur
942 769 1090 829 milibus,
1123 769 1167 831 qui
1188 766 1285 817 Athen.

181 851 262 900 Loud.
281 852 362 913 1850,
384 852 448 916 Apr.
466 854 500 901 20
522 852 615 902 rudera
639 853 713 902 buius
733 855 821 918 oppidi
838 855 962 918 reperisse
980 853 1073 902 dicitur
1089 853 1117 901 in
1135 853 1217 901 ruinis
1234 852 1286 900 illia

182 937 237 984 vico
254 933 334 985 Reish
346 937 417 986 Aina
434 936 502 999 apud
520 933 666 988 Chaboram
682 939 787 988 fiuvium
806 937 994 999 adiacentibus3
1012 951 1071 985 nam
1088 937 1138 985 vici
1154 936 1223 984 illius
1240 949 1287 983 no·

181 1035 240 1070 men
258 1015 387 1083 (Prusian
399 1020 518 1084 Pronus.)
530 1023 610 1085 probe
621 1023 840 1086 interpretandum
852 1029 904 1072 est:
922 1029 997 1086 caput
1008 1023 1118 1071 fontium
1127 1019 1182 1080 (cfr.
1193 1019 1287 1069 Rima

181 1105 236 1166 XI,
253 1120 278 1168 p.
292 1103 367 1168 375),
389 1119 472 1169 neque
495 1120 557 1156 vero
576 1109 638 1158 situs
654 1109 712 1170 ille,
737 1121 811 1172 quem
837 1105 959 1156 traditum
976 1109 1083 1170 legimus
1102 1106 1167 1157 Gen.
1184 1106 1225 1166 X,
1245 1107 1286 1164 11,

182 1203 238 1238 cum
256 1187 302 1238 illa
320 1189 440 1253 opinione
457 1193 577 1254 coniungi
594 1199 686 1256 potest.
705 1219 738 1228 —
756 1191 907 1241 Notandum
924 1193 1003 1242 etiam
1021 1198 1071 1253 eet,
1094 1188 1288 1240 Rechobotlr

181 1275 214 1324 Ir
231 1275 326 1324 frustra
344 1289 360 1324 a
375 1290 416 1324 vv.
435 1275 478 1324 dd.
496 1276 539 1326 bic
554 1277 607 1326 illio
629 1278 771 1340 quaesitam
795 1291 865 1339 esse3
887 1277 1020 1326 meridiem
1043 1290 1132 1324 versus
1155 1272 1287 1324 aKalacb

182 1361 232 1409 sita
259 1357 360 1409 videtur
387 1361 526 1411 secuudum
554 1362 699 1410 versionem
726 1360 929 1422 Samaritam,
958 1375 1026 1425 quae
1051 1360 1164 1409 reddidit
1195 1365 1287 1424 tnnc,

182 1443 278 1494 Sittace
300 1440 462 1509 (Zairaap'rq
484 1446 617 1509 Pronum),
645 1446 689 1495 cfr.
713 1447 814 1496 Wrnuru
837 1444 905 1495 RW.
931 1460 954 1494 a.
971 1461 1010 1506 v.;
1034 1445 1099 1492 alios
1122 1443 1287 1493 similitudine

182 1531 292 1579 nominis
310 1529 418 1580 Rababa
446 1530 564 1580 seductos
588 1529 684 1592 fugisse
706 1531 821 1590 videtur,
845 1529 957 1578 Ienurun
977 1529 1034 1592 plus
1051 1528 1105 1576 VII
1129 1529 1183 1577 eins
1205 1529 1287 1576 nomi-

182 1615 221 1663 nis
240 1612 331 1662 afferre
349 1615 418 1676 loca3
436 1615 546 1663 Tucmus
560 1612 655 1663 Genes.
674 1628 696 1662 a.
709 1614 734 1662 h.
747 1615 763 1662 l.
782 1614 850 1663 idom
869 1629 925 1663 esee
944 1613 1074 1662 existimat
1086 1625 1165 1675 quam
1177 1620 1302 1670 tillim

182 1706 261 1750 'initi
285 1698 350 1748 Gen.
367 1697 504 1759 XXXVI,
522 1699 569 1759 37,
587 1699 654 1762 apud
671 1699 828 1762 Euphratem
847 1700 911 1759 alta,
929 1697 1014 1760 ibique
1031 1696 1085 1746 iere
1104 1697 1191 1746 ruinas
1209 1711 1289 1762 nuper

85 1807 86 1810 ¹
182 1783 307 1832 consimili
325 1783 428 1831 nomine
446 1783 581 1845 insignitas
597 1784 696 1832 invenit
713 1783 767 1833 Col.
783 1782 912 1844 Cursum,
938 1782 983 1832 cfr.
1000 1781 1063 1830 Bon.
1082 1781 1099 1829 l.
1118 1781 1135 1829 l.
1158 1798 1183 1846 p.
1200 1783 1242 1832 43.
1256 1809 1288 1818 —
1376 1793 1380 1798 ·

182 1868 316 1928 Ceterum,
337 1867 396 1916 licet
420 1866 502 1914 omnis
525 1866 588 1916 haec
609 1869 725 1930 quaestio
747 1869 775 1916 in
799 1869 856 1917 loco
880 1866 950 1917 baud
974 1869 1036 1916 satis
1058 1865 1133 1915 firmo
1156 1873 1182 1914 et
1203 1865 1289 1914 stabili

183 1959 310 2013 versetur,
327 1952 440 2000 maxime
457 1957 544 2000 tamen
561 1951 757 2015 improbandam
774 1965 906 2000 censemus
918 1951 1043 2000 Knoauun
1061 1953 1228 2011 sententiam,
1246 1950 1290 2012 qui

183 2036 353 2100 (Volkertufel
377 2036 469 2098 pola
489 2036 514 2098 5)
537 2035 651 2084 Niniven
675 2035 711 2084 ibi
735 2036 809 2084 sitam
834 2034 979 2098 contendit,
1003 2036 1047 2085 nbi
1070 2034 1147 2084 hodie
1169 2033 1289 2094 Nimrud,

183 2122 270 2172 Resen
286 2121 330 2169 ubi
347 2119 523 2185 Koyuudjuk,
540 2119 639 2168 Kalacb
657 2120 701 2169 ubi
718 2119 886 2184 Kborsabad,
905 2127 930 2170 et
946 2114 1096 2169 Rechoboth
1113 2120 1142 2168 Ir
1157 2118 1290 2167 meridiem

185 2213 212 2255 et
229 2207 354 2255 orientem
373 2218 461 2253 versus
479 2231 510 2240 —
529 2217 605 2266 nam,
627 2210 656 2253 ut
674 2205 821 2254 omittamus
840 2213 939 2266 cetera,
963 2221 995 2253 ex
1019 2205 1119 2254 iudiciis
1142 2203 1288 2253 luculentis·
1308 2269 1309 2272 Ἴ

184 2293 256 2341 simis
274 2295 393 2354 apparet,
411 2287 533 2352 oppidum
551 2294 576 2336 et
593 2288 689 2350 palatia
706 2288 902 2340 Kborsabadica
918 2296 1008 2340 octavo
1026 2290 1128 2339 demum
1149 2303 1166 2337 a
1183 2288 1230 2353 Ch.
1249 2301 1288 2336 se-

185 2376 241 2426 culo
260 2373 406 2438 aSargone
423 2373 464 2420 vel
482 2371 675 2422 salmanassare
693 2374 798 2422 condita
814 2389 878 2423 esse.

237 2459 262 2520 1)
281 2457 349 2508 Satis
366 2464 462 2505 vexata
478 2457 556 2506 verba
572 2457 617 2505 illa
635 2457 699 2508 Gen.
717 2459 757 2519 X,
777 2460 808 2508 12
849 2444 961 2516 fibnuti
984 2467 1060 2513 'arilli
1083 2467 1118 2510 ΓΠ
1148 2457 1181 2506 ad
1201 2456 1286 2506 Resen

185 2544 254 2594 baud
271 2542 351 2606 probe
367 2540 458 2590 referri
474 2547 594 2605 possunt,
613 2557 669 2591 cum
686 2557 813 2606 nusquam
831 2556 914 2605 neque
932 2543 959 2591 iu
977 2544 1003 2592 ll.
1023 2557 1056 2592 ss.
1075 2555 1158 2605 neque
1175 2542 1202 2589 in
1219 2548 1288 2589 vete-

185 2645 242 2678 rum
260 2628 358 2692 scriptis
376 2626 408 2675 de
425 2625 600 2689 magnitudine
618 2633 644 2675 et
661 2627 807 2677 celebritate
824 2626 899 2674 huius
917 2627 1005 2691 oppidi
1026 2625 1165 2689 quidquam
1188 2624 1289 2686 legatur

185 2712 319 2772 traditum3
343 2711 436 2760 deinde
459 2713 593 2775 quominus
616 2713 649 2760 ad
666 2712 764 2762 Ninum
782 2713 865 2761 sola-m
882 2713 974 2776 respici
991 2713 1178 2770 existimemus,
1204 2722 1287 2771 gram-

185 2798 280 2846 matice
295 2796 395 2845 racione
413 2785 529 2844 vetamur
546 2789 591 2866 (ln
613 2789 642 2846 'n
669 2805 704 2848 nr
733 2786 793 2850 nbn
808 2801 887 2861 ’prr
921 2803 1001 2853 niro
1023 2803 1037 2814 ·
1050 2802 1091 2862 p:
1120 2801 1169 2862 pun
1182 2801 1197 2812 ·
1216 2802 1287 2858 nnn

185 2887 311 2932 restatur
328 2884 448 2944 quattuor
464 2879 541 2929 urbes
554 2897 607 2932 una
624 2883 779 2945 cogitatione
797 2882 992 2944 comprehensas
1011 2882 1157 2944 opinemur,
1174 2878 1202 2927 id
1219 2877 1288 2940 quod

185 2967 281 3030 placuit
297 2965 424 3026 Kronou,
445 2963 523 3026 Len,
545 2965 688 3028 Rumina,
705 2967 858 3027 Fumone,
875 2966 1023 3015 Daurrzscu.
1043 2964 1108 3015 Gen.
1126 2979 1151 3026 p.
1163 2963 1228 3023 222,
1245 2961 1288 3010 all.

186 3052 241 3100 Iam
259 3065 335 3112 vero,
354 3049 374 3099 si
390 3048 459 3098 banc
476 3049 633 3099 admittimus
651 3050 683 3099 de
701 3051 860 3115 explicandis
875 3050 1006 3100 Geneseos
1023 3048 1108 3097 verbis
1127 3047 1289 3106 sententiam,

186 3136 257 3186 nullo
274 3135 352 3185 modo
369 3148 425 3183 cum
442 3133 488 3182 illo
507 3135 604 3184 ambitu
621 3123 802 3184 confundendi
827 3142 865 3184 est
883 3149 915 3184 ea
931 3148 1039 3198 magnae
1056 3131 1127 3182 urbis
1144 3129 1289 3193 descriptio,

186 3233 263 3284 quam
289 3221 316 3268 in
339 3218 405 3268 libro
428 3218 508 3268 Ionae
533 3219 622 3281 111,a
646 3233 793 3285 expressam
817 3219 937 3284 legimus:
970 3223 1013 3280 ,et
1032 3217 1128 3266 Ninive
1151 3220 1207 3263 erat
1229 3213 1289 3261 urbs

186 3304 360 3378 magnaldem
377 3305 420 3353 via
436 3305 512 3352 trium
530 3303 637 3365 dierum,
658 3310 724 3356 ortt*
748 3289 842 3357 ruffilli
857 3289 955 3367 ibam
978 3301 1010 3350 de
1027 3314 1079 3365 qua
1096 3314 1128 3348 ex
1145 3299 1290 3361 antiquissi-

186 3391 235 3438 mis
252 3388 408 3451 temporibus
426 3389 593 3451 interpretum
618 3387 758 3436 sententias
781 3392 883 3435 constat
907 3385 1059 3449 discrepare.
1094 3383 1164 3433 Nam
1176 3383 1290 3432 utomit·

186 3481 270 3522 tamus
287 3472 425 3536 Ephraemi
443 3471 503 3536 Syri
521 3472 679 3534 aliorumque
697 3471 844 3534 opinionem
860 3471 914 3533 (cfr.
930 3471 1060 3520 Assumit
1077 3467 1139 3517 bibl.
1158 3469 1250 3516 orient.
1268 3466 1291 3527 1,

188 3556 326 3618 525-70)
343 3558 386 3620 qui
403 3563 455 3606 tres
475 3557 530 3605 dies
547 3558 584 3606 ita
602 3563 773 3620 exponerent,
788 3562 817 3604 ut
829 3557 912 3620 prima
923 3556 966 3605 die
977 3561 1063 3603 vatem
1075 3553 1165 3602 urbem
1181 3552 1290 3600 intrasse

188 3647 213 3690 et
233 3642 275 3690 bi'c
292 3641 345 3690 illic
362 3640 523 3705 praedicasse
541 3640 666 3700 dicerent,
686 3639 768 3688 altera
786 3639 820 3688 ad
837 3647 971 3702 magnates
984 3639 1141 3704 perrexisse,
1159 3637 1236 3684 tertia
1247 3635 1290 3684 de·

188 3727 265 3789 nique
283 3725 316 3773 ad
333 3740 420 3789 regem
438 3725 578 3774 admissum
595 3739 652 3774 esse
669 3751 702 3760 -
719 3737 785 3786 quae
802 3723 987 3789 interpretandi
1005 3725 1071 3772 ratio
1096 3720 1207 3772 studium
1228 3720 1290 3770 illud

190 3809 311 3858 elimaudi
331 3810 429 3870 omnia,
452 3822 518 3872 quae
541 3808 674 3857 mirificam
696 3809 807 3870 speciem
831 3810 925 3858 habore
947 3813 1065 3872 possent,
1094 3807 1207 3873 apertius
1231 3805 1292 3865 olet,

190 3908 266 3956 quam
284 3909 349 3956 quac
366 3897 394 3942 in
411 3908 514 3942 censum
532 3894 619 3942 venire
636 3893 717 3957 possit
734 3919 768 3930 -·
786 3892 937 3957 interpretes
959 3892 1037 3956 longe
1060 3893 1163 3956 plurimi
1186 3903 1238 3939 uon
1260 3889 1292 3938 ds

189 3977 350 4040 longitudine
368 3979 413 4027 sed
431 3978 464 4026 de
482 3977 579 4027 ambitu
596 3977 646 4026 diei
664 3978 823 4040 existimant,
844 3979 935 4042 quibus
954 3976 1292 4036 adversanturAaAnannnu,

189 4062 301 4112 Rosnnn.
320 4061 516 4122 (Altertbumsk.
534 4063 555 4111 I.
573 4063 609 4111 Il.
627 4079 651 4126 p.
666 4065 733 4126 117),
751 4063 938 4124 nassiterna,
952 4061 1058 4110 Jluonn.
1076 4060 1152 4120 (Tib.
1170 4061 1291 4110 zeitschr.

191 4147 274 4208 1840,
292 4148 320 4207 1,
338 4161 361 4210 p.
375 4146 408 4196 63
421 4146 479 4209 ss),
501 4147 610 4208 Ennio,
633 4149 676 4211 qui
694 4149 772 4198 rerba
789 4141 807 4187 'r
819 4141 854 4198 'tn‘
877 4133 960 4212 qino
990 4145 1023 4194 ad
1035 4159 1151 4196 normam
1160 4161 1184 4194 v.
1192 4143 1228 4195 4t¹
1240 4145 1292 4194 exi·

193 4232 279 4294 gendo
296 4231 494 4294 contenderunt,
512 4232 555 4281 ubi
574 4233 694 4295 legimus:
715 4239 756 4294 ,et
774 4232 857 4296 coepit
869 4229 950 4280 lonah
968 4230 1085 4282 incedere
1105 4233 1131 4281 in
1149 4231 1211 4280 urbe
1226 4231 1293 4279 viam
