2954 4808
206 221 272 262 amr
553 202 797 261 Paonaoounnn.
825 201 898 262 Car.
918 202 956 261 ΙΙ.

207 387 330 447 Domini
347 386 453 462 plagas
470 385 587 444 fuerant
604 387 735 461 experti,
759 405 813 444 nec
834 387 991 462 pristinum
1010 395 1119 446 statum
1137 405 1310 464 recuperare
1397 377 1407 394 '

208 507 336 567 unquam
354 487 517 546 valuerunt.

258 590 323 647 Iam
333 605 403 646 vero
418 585 622 660 Sanheribum,
639 606 658 646 a
671 588 786 646 duobus
799 586 869 644 filiis
882 586 1128 645 Adrammelecho
1141 596 1170 646 et
1182 587 1310 664 Nergal-
1409 641 1413 652 ,

210 690 371 752 Soharez'er
387 687 526 746 atrociter
542 686 744 759 interfectum,
770 705 837 745 cum
852 687 883 744 iu
900 687 972 745 aede
997 686 1044 745 dci
1062 689 1108 746 sui
1124 687 1266 747 Nisrochi
1284 707 1309 746 s.

208 787 352 851 Assaraci
374 806 459 846 sacra
481 787 591 846 faceret
599 786 618 859 ¹,
642 795 759 846 secutus
776 795 822 845 est
838 785 1143 860 Assarhadd0n²‚
1168 787 1213 845 vir
1236 796 1309 847 stre-

210 909 285 951 nuus
302 897 332 948 et
347 887 516 960 bellicosus,
535 907 562 946 a.
577 905 602 946 c.
615 891 664 944 698
672 886 691 945 ³.
711 886 769 961 Qui
787 894 983 963 posteaquam
1001 887 1184 964 aliquamdiu
1200 887 1232 944 in
1249 887 1312 946 Ba·

207 1028 406 1041 -un-

208 1103 464 1179 452-5ao=753);
494 1116 521 1160 st
542 1124 603 1161 vero
626 1111 749 1162 incertum
768 1118 820 1174 est,
843 1118 929 1162 utrum
946 1113 1037 1175 Agron
1059 1111 1104 1160 ille
1127 1111 1226 1162 decimo
1244 1111 1309 1162 Nini

206 1204 286 1268 patris
304 1213 387 1260 anno,
405 1210 439 1246 au
456 1201 515 1260 post
531 1200 641 1245 mortem
657 1197 720 1258 aius,
737 1210 788 1259 qua
805 1202 863 1261 post
873 1196 925 1245 LII
936 1210 1062 1246 annorum
1073 1210 1181 1259 regnum
1189 1211 1307 1246 consum·

207 1297 248 1337 tus
271 1291 323 1346 est,
344 1280 484 1346 Lydiarum
508 1291 593 1328 rerum
614 1281 710 1343 potitus
731 1280 823 1342 fuerit,
846 1280 891 1329 olr.
909 1281 989 1329 Hune.
1008 1279 1040 1329 de
1057 1279 1127 1330 rebb.
1145 1280 1206 1329 Ass.
1223 1295 1248 1343 p.
1266 1281 1320 1330 23..

207 1370 234 1431 b)
250 1369 385 1418 Postremo
402 1378 478 1414 nemo
497 1368 536 1412 est
553 1362 615 1426 quin
631 1364 771 1428 intelligat,
793 1353 1027 1428 potentissimarum
1050 1364 1163 1428 gentium
1181 1364 1309 1413 deiectum

207 1456 303 1519 optime
323 1449 451 1515 quadrare
472 1449 501 1497 in
521 1461 578 1496 cam
602 1447 788 1510 conditionem,
811 1462 861 1512 qua
877 1449 1043 1512 Assyriorum
1066 1462 1107 1497 res
1130 1454 1188 1510 post
1209 1448 1309 1498 cladem

205 1543 277 1589 illam
296 1540 323 1587 iu
340 1535 438 1586 Iudaea
455 1538 586 1595 acceptam
602 1531 810 1595 continebantur,
833 1548 909 1596 quam
929 1533 956 1582 in
974 1546 997 1582 a.
1016 1548 1037 1582 o.
1055 1533 1115 1593 768,
1137 1532 1205 1582 unde
1226 1534 1309 1582 maxi-

206 1639 275 1674 mam
292 1622 373 1670 Asiae
394 1615 552 1667 occidentem
570 1617 823 1682 spectantispartem
841 1629 941 1666 summa
965 1631 1021 1666 cum
1038 1616 1155 1680 pptentia
1171 1617 1308 1668 infestave-

157 1734 160 1742 ·
205 1718 265 1756 runt
282 1711 357 1768 atquo
374 1701 502 1765 gradatim
519 1705 712 1762 occupaverunt.

258 1789 282 1849 1)
300 1787 352 1837 Cir.
370 1786 421 1835 les.
437 1781 586 1844 XXXVII,
604 1783 645 1833 38.
674 1784 762 1848 IReg.
779 1785 861 1847 XIX,
879 1786 920 1835 37.
938 1785 984 1836 cfr.
1002 1799 1060 1848 pag.
1077 1785 1176 1834 XXIII
1189 1777 1245 1834 'not

256 1871 284 1934 2)
299 1871 402 1920 Nomen
419 1866 628 1918 Asaarbaddonis
647 1859 709 1918 satis
727 1869 799 1917 varia
815 1871 940 1933 scriptura
958 1875 1090 1918 exaratum
1106 1868 1254 1930 exhibetur3
1279 1870 1307 1917 in

204 1961 231 2008 ll.
246 1972 278 2006 ss.
296 1955 389 2018 legitur
406 1947 473 2022 tior]
492 1956 578 2022 'ott-q
607 1951 652 2000 cir.
669 1951 686 1999 l.
703 1951 734 2012 l.;
762 1952 790 1999 in
812 1953 1019 2017 inscriptionibus
1041 1953 1126 2002 notari
1149 1952 1308 2001 Assur-ekb-

205 2043 302 2103 adana,
320 2039 446 2089 Rnwnnts.
467 2040 561 2086 certum
581 2041 657 2097 atque
674 2035 835 2098 exploratum
851 2051 908 2086 esse
925 2035 1037 2087 affirmat
1054 2035 1109 2097 (cfr.
1127 2035 1197 2086 Outl.
1215 2052 1240 2099 p.
1250 2036 1306 2085 XL.

203 2126 275 2176 XLI.
310 2124 377 2173 Tum
400 2134 461 2169 vcro
483 2117 540 2166 Esr.
558 2118 605 2180 IV,
622 2133 647 2166 v.
661 2121 693 2168 10
715 2119 772 2168 ooll.
790 2121 844 2169 v.2
868 2121 1013 2186 appellatur
1035 2123 1064 2170 in
1086 2119 1307 2170 Samaritanorum

204 2211 285 2259 literis
303 2207 336 2256 ad
353 2219 440 2268 regem
457 2201 594 2251 Persarum
611 2201 677 2251 datis
696 2190 844 2266 Osnappar,
861 2204 907 2254 cir.
925 2203 1144 2256 HauseraBeitr.
1161 2206 1189 2266 Ι,
1207 2222 1232 2268 p.
1245 2206 1307 2266 1783

203 2293 320 2343 Banosus
338 2291 440 2354 (Eusns.
453 2286 504 2335 chr.
515 2299 577 2334 arm.
596 2301 621 2348 p.
629 2287 674 2349 44)
691 2286 797 2335 exhibet
814 2288 1003 2350 Asordanium,
1021 2289 1157 2338 Anrnams
1174 2288 1218 2350 (ib.
1228 2305 1253 2352 p.
1263 2287 1307 2349 63)

202 2377 344 2435 Axerdim3
361 2378 491 2438 postremo
508 2369 535 2417 in
550 2367 659 2418 'Conone
676 2369 820 2419 Prummu
831 2372 1006 2421 Asseradinus
1024 2377 1050 2421 et
1062 2371 1227 2435 Apronadius
1245 2386 1307 2420 euu-

203 2463 262 2511 dsm
285 2471 372 2522 regem
394 2451 537 2519 significare
560 2451 687 2502 videntur.
705 2481 739 2490 -
756 2452 829 2514 Quae
853 2461 939 2504 autem
961 2457 994 2506 de
1016 2457 1091 2505 rebus
1114 2456 1146 2505 ab
1170 2469 1201 2504 eo
1216 2455 1304 2516 ·gestis

203 2543 300 2594 tradita
316 2541 472 2603 accepimus,
494 2549 621 2599 perpauca
638 2535 710 2598 sunt,
733 2553 815 2603 neque
838 2553 870 2588 aa
892 2537 1000 2609 quidem¹
1017 2541 1079 2589 satis
1101 2539 1304 2588 dubitationibus

203 2640 283 2689 usque
305 2637 405 2686 quaque
427 2633 515 2670 vacua.
543 2617 588 2668 cir.
612 2617 756 2672 Sonaonnar
777 2623 912 2686 imperium
934 2621 1076 2686 Babylonis
1096 2629 1122 2672 et
1146 2622 1210 2672 Nini
1228 2623 1303 2684 1726,

144 2738 146 2743 .
203 2727 227 2774 p.
239 2710 287 2758 207
298 2721 331 2756 ss.
367 2705 565 2754 Aoouratiasime
582 2710 655 2768 gesta
672 2707 726 2755 eius
748 2707 866 2770 exposuit
882 2705 1016 2768 Karnasa,
1038 2709 1128 2757 vatieo.
1145 2706 1258 2756 Nahumi
1278 2713 1305 2756 et

202 2790 315 2844 Chabak.
335 2796 366 2838 ct.
386 2788 467 2848 1748,
484 2802 508 2849 p.
524 2787 594 2835 75-
605 2787 667 2851 119;
691 2797 795 2839 atvero
814 2790 934 2840 idoneam
955 2804 1039 2840 rerum
1057 2793 1183 2841 rationem
1200 2807 1304 2856 prorsus

202 2873 317 2928 confudit
333 2877 410 2935 atque
427 2870 580 2934 implicavit3
603 2885 678 2935 nam,
701 2880 730 2922 ut
747 2875 894 2926 omittamus
910 2874 992 2924 multa
1010 2888 1068 2923 eum
1093 2876 1223 2926 intrudere
1246 2877 1303 2925 huic

201 2958 325 3023 tempori,
350 2969 416 3019 quae
441 2969 472 3004 eo
494 2969 547 3004 non
571 2957 714 3025 pertinent,
735 2974 759 3006 v.
777 2974 799 3008 c.
823 2958 925 3009 Asdodi
948 2960 1164 3021 expugnationem
1180 2961 1231 3009 Ies.
1248 2960 1303 3010 XX

200 3042 371 3108 praedictam,
390 3038 557 3089 similitudine
574 3041 706 3090 nominum
723 3041 841 3092 seductus
853 3041 1082 3092 Assarbaddonem
1099 3043 1207 3093 eundem
1223 3043 1303 3093 fuisse

202 3127 321 3191 opinatur
338 3139 369 3174 ac
386 3121 603 3187 Sardanapalum,
626 3123 672 3172 sub
690 3138 740 3187 quo
755 3125 852 3175 Ninum
870 3139 987 3175 eversam
1004 3125 1137 3190 descripsit
1154 3127 1300 3190 Drononus3

201 3224 267 3273 quae
284 3209 413 3259 sententia
429 3223 487 3256 cum
503 3222 594 3272 reapse
615 3210 678 3258 satis
696 3223 820 3272 superque
837 3210 979 3270 refellatur,
1004 3210 1050 3258 vix
1076 3225 1169 3273 operae
1191 3213 1299 3276 pretium

201 3301 241 3344 est
256 3293 359 3342 uberius
377 3305 434 3342 eam
451 3291 493 3340 vel
509 3293 637 3356 explicare
654 3293 695 3342 vel
716 3290 836 3341 refutare.
860 3293 904 3343 cir.
922 3293 1057 3343 Ercaaoan.
1075 3293 1180 3343 Einleit.
1197 3294 1255 3356 111,
1275 3295 1301 3356 6,

199 3393 225 3441 p.
237 3379 286 3426 262
299 3390 333 3425 ss.

253 3458 280 3520 3)
296 3458 420 3508 Rationes
437 3464 579 3522 temporum
596 3472 613 3508 a
629 3457 705 3506 tertio
722 3455 859 3508 Sanheribi
876 3473 944 3510 anuo
963 3459 996 3509 ad
1013 3473 1129 3509 eversam
1144 3459 1241 3510 Ninum
1259 3475 1300 3510 us·

202 3557 252 3608 que
269 3541 416 3592 diversitate
433 3555 534 3602 eorum,
551 3554 616 3605 quae
633 3542 728 3604 singuli
744 3543 881 3607 scriptores
897 3543 1071 3604 tradiderunt,
1089 3545 1151 3592 satis
1165 3545 1299 3594 intricatae

201 3633 274 3689 sunm
292 3625 337 3675 cfr.
355 3630 518 3688 praeterea,
536 3637 602 3688 quae
618 3624 759 3687 Parnasus,
780 3626 919 3688 Ussamus,
935 3641 968 3676 un
986 3627 1119 3676 Vrsnonrus
1138 3628 1180 3676 all.
1202 3629 1230 3676 in
1250 3628 1299 3677 hoo

201 3720 295 3775 genere
312 3709 489 3769 elaborarunt,
508 3707 602 3758 smn.
619 3722 710 3758 comm.
727 3709 755 3758 in
766 3709 816 3758 Ios.
833 3726 859 3773 p.
872 3709 922 3760 999
934 3724 968 3760 ss.
985 3709 1057 3759 Ksu.
1069 3709 1184 3760 Ghronik
1200 3727 1225 3774 p.
1239 3711 1299 3760 428.

201 3794 332 3844 Hmvnnn·
351 3791 419 3842 Einl.
437 3790 480 3852 H,
498 3804 528 3852 a,
546 3791 604 3840 223.
627 3791 754 3842 Horum.
765 3792 798 3842 de
809 3791 950 3844 rabbites.
968 3810 993 3857 p.
1005 3793 1047 3844 63.
1064 3791 1194 3842 Duronum
1206 3792 1298 3844 Gesob.

202 3877 231 3938 Ι,
247 3893 272 3940 p.
287 3877 345 3927 388.
362 3875 470 3926 Ewnnm
487 3873 579 3925 Gesoh.
598 3872 645 3922 Iar.
662 3874 721 3936 III,
740 3891 769 3938 a,
787 3893 811 3941 p.
824 3877 875 3928 373
888 3893 921 3928 ss.
938 3877 1030 3942 Neque
1047 3877 1082 3926 ad
1098 3883 1194 3926 certum
1211 3891 1299 3926 earum

203 3961 375 4023 cognitionem
390 3960 460 4022 prius
477 3963 627 4022 perventum
642 3959 704 4021 erit,
728 3975 805 4024 quam
828 3967 1049 4012 monumentorum
1075 3961 1251 4024 inscriptiones
1273 3964 1300 4008 et

203 4044 301 4093 numeri
317 4043 413 4092 fuerint
430 4041 562 4104 explantati
579 4049 654 4105 atque
672 4045 779 4093 excussi.
797 4042 853 4096 Nos
871 4059 928 4094 eam
944 4047 1026 4096 secuti
1037 4059 1123 4096 sumus
1133 4043 1302 4106 computatio·

201 4141 273 4190 nem,
295 4139 361 4190 quae
383 4125 519 4175 seeundum
536 4123 649 4176 Cononis
673 4125 816 4178 Pronum
839 4133 864 4178 et
880 4127 977 4179 Banosr
994 4129 1104 4180 calculm
1120 4125 1300 4178 Assarbaddo·

200 4222 258 4260 uem
277 4223 331 4260 ao.
343 4208 393 4258 698
411 4209 446 4260 ad
462 4223 568 4274 regnum
586 4211 745 4274 pervenisse,
764 4217 789 4260 st
806 4226 827 4262 c.
839 4211 889 4262 668
905 4213 948 4264 vel
965 4212 1014 4264 667
1033 4213 1127 4264 obiisse
1142 4213 1280 4263 existimat.
