2954 4784
198 168 244 236 96
605 169 678 229 CAP.
692 170 751 242 III,
771 189 799 226 v.
816 173 891 226 1-7.

198 353 364 414 dezBabele
380 353 531 414 enuntiata
552 373 572 413 a
588 361 692 414 nostro
714 362 783 411 vate
804 354 842 411 ad
860 354 1020 426 Assurem,
1046 353 1163 413 futurae
1180 355 1300 414 Babelis

197 456 285 534 quasi
302 455 509 532 praesagium,
526 455 672 514 translata
689 454 818 512 dicemus
830 453 848 512 ¹.
874 454 939 512 Iam
957 472 1027 512 vero
1045 455 1220 515 luculentius
1237 455 1301 514 Na-

196 556 278 615 humi
295 575 383 615 voces
401 576 450 614 vv.
468 561 494 614 4.
513 559 529 614 5
548 563 742 614 resonuerunt
758 555 837 629 apud
856 554 1009 612 Ieremiam
1026 555 1119 627 XIII,
1138 577 1166 614 v.
1180 560 1231 628 22,
1250 556 1301 633 qui

195 656 367 729 Iechoniae,
393 655 569 714 Iudaeorum
588 655 650 731 regi
673 663 702 712 et
724 653 812 712 matri
836 654 914 728 eius,
938 673 1004 712 cum
1028 655 1158 732 gentium
1180 665 1302 731 peccata

197 758 282 834 sequi
299 775 361 816 non
378 757 581 828 erubuissent,
609 755 732 814 eandem
749 755 938 830 praenuntiat
954 774 1097 831 poenam,
1124 775 1215 832 quam
1231 775 1301 832 gen-

196 859 276 917 tibus
292 856 448 932 imprecati
466 865 550 914 crant
568 856 729 932 prophetae
746 856 876 930 priores,
895 863 925 913 et
941 857 1043 914 eadem
1056 855 1218 914 meretricis
1232 874 1301 914 con·

197 959 302 1016 stituta
326 957 469 1032 imagine,
496 977 524 1015 v.
539 961 573 1014 22
596 959 740 1032 ,propter
757 955 972 1013 multitudinem
978 958 1009 1026 ,“
1032 955 1145 1032 inquit,
1178 974 1302 1032 „pecca-

198 1067 296 1116 torum
314 1065 447 1128 tuorum,
466 1070 540 1130 quw
562 1073 620 1116 :nn
639 1056 692 1113 cfr.
705 1074 796 1130 supra
812 1076 841 1114 v.
854 1061 887 1128 4,
906 1056 1081 1133 deteguntur
1094 1065 1228 1131 syrmata
1240 1065 1302 1128 tua,

198 1153 292 1230 uritur
320 1150 402 1233 riri,
425 1164 455 1214 et
471 1175 525 1231 per
542 1155 601 1213 vim
620 1156 768 1214 nudantur
784 1156 878 1214 calces
895 1161 1006 1229 tuae;“
1031 1164 1060 1214 et
1083 1156 1304 1215 accomodatius

201 1258 240 1315 ad
253 1264 356 1316 nostra
368 1257 461 1314 verba
475 1277 503 1314 v.
516 1259 564 1314 26:
583 1264 695 1333 „atque
710 1255 798 1314 etiam
810 1275 864 1333 ego
878 1256 983 1334 detego
1003 1263 1135 1334 syrmata
1149 1265 1201 1314 tua
1215 1273 1304 1332 super

199 1356 308 1416 faciem
325 1366 422 1429 tuam,
441 1364 470 1414 et
488 1356 617 1414 cernitur
632 1356 794 1434 ignominia
812 1365 880 1430 tua,
898 1349 988 1429 quiusa
1011 1360 1135 1419 fluctif‘

715 1629 742 1666 v.
763 1613 786 1665 6.

253 1759 295 1816 Et
307 1761 424 1816 coaia'cio
443 1777 527 1834 super
544 1769 570 1816 te
587 1760 785 1828 abominanda,
804 1767 830 1816 et
847 1767 1012 1817 contemtum
1030 1767 1056 1816 tc
1072 1759 1157 1814 reddo
1165 1777 1177 1825 ,-
1196 1768 1223 1815 et
1238 1775 1303 1815 eon-

201 1861 284 1916 stituo
303 1868 329 1916 te
347 1868 484 1934 tanquam
501 1863 649 1936 exemplar.
675 1859 746 1917 Non
773 1859 846 1918 satis
870 1867 931 1932 est,
960 1868 994 1918 ut
1010 1858 1142 1936 nequitia
1165 1857 1228 1917 eius
1249 1878 1304 1933 pu·

201 1958 276 2016 blioe
294 1959 472 2032 denudetur,
498 1961 549 2019 sed
568 1961 778 2019 contumeliose
796 1959 884 2018 ctiam
903 1968 933 2018 et
950 1979 1015 2018 cum
1032 1959 1156 2016 infamia
1173 1958 1304 2016 omnium

201 2059 372 2135 conspectui
394 2061 560 2137 exponitur.
588 2075 675 2135 vaput
701 2060 790 2117 LXX
809 2051 996 2138 βδέλυγμα,
1025 2079 1089 2132 res,
1112 2059 1194 2118 cuius
1207 2059 1305 2117 taedet

201 2159 346 2236 aliquem,
371 2162 536 2238 ubicunque
560 2166 714 2237 praetcrea
730 2161 895 2233 invenitur,
919 2159 1001 2218 idola
1024 2159 1171 2236 significat
1192 2159 1303 2217 abomi-

201 2261 301 2318 nanda
319 2259 385 2318 Deo
404 2269 433 2319 et
449 2262 562 2337 populo
581 2261 660 2333 eius,
687 2269 716 2319 et
739 2279 931 2338 quaecunque
957 2261 996 2319 ad
1013 2281 1048 2318 ea
1064 2261 1226 2336 pertinent,
1251 2259 1303 2317 cfr.

204 2361 302 2436 leeg.
322 2360 384 2432 xl,
403 2365 428 2418 u.
447 2362 549 2438 anag.
568 2361 692 2434 xxm,
712 2365 753 2420 13.
771 2365 819 2433 243
845 2351 931 2420 sach.
950 2361 1011 2434 1X,
1030 2365 1060 2432 ⁷3
1084 2361 1237 2432 Dan.1x‚
1255 2363 1304 2430 273

201 2461 259 2518 hoc
276 2469 374 2517 autem
391 2460 458 2518 loco
470 2462 612 2537 specialis
629 2460 682 2518 illa
698 2469 847 2536 potestas,
872 2481 961 2537 quam
987 2461 1113 2520 retinere
1130 2461 1224 2518 M1crr.
1243 2479 1305 2518 nra·

202 2561 272 2632 luit,
291 2560 412 2618 tolerari
431 2561 482 2618 vix
499 2568 616 2636 potest,
634 2581 687 2620 nec
704 2561 895 2638 comparatio·
907 2581 954 2620 vv.
972 2563 1003 2635 I,
1024 2567 1056 2619 14
1079 2561 1155 2619 tanti
1172 2561 1306 2618 facienda

203 2668 248 2718 est
254 2679 262 2731 3
280 2659 341 2716 imo
357 2659 446 2736 longe
462 2663 623 2720 maximam
639 2662 831 2738 interpretum
849 2663 942 2720 secuti
959 2670 1073 2737 partem
1086 2661 1165 2737 apud
1179 2661 1304 2735 amplio-

203 2781 265 2819 rem
284 2760 528 2837 significationem
546 2761 691 2834 sordium,
711 2762 849 2821 stercoris
865 2781 1067 2834 remanemus3
1085 2761 1305 2820 stercoraeuim

204 2870 234 2920 et
251 2861 353 2920 sordes
375 2862 405 2918 in
423 2863 553 2940 aliquem
576 2861 720 2922 coniicere
743 2881 888 2921 summum
910 2871 1088 2924 contemtum
1106 2871 1135 2920 et
1151 2858 1307 2920 infamiam

204 2970 307 3034 notat,
331 2963 374 3020 uti
396 2964 520 3039 proprio
544 2981 633 3022 sensu
657 2981 783 3039 sequens
807 2964 915 3022 asserit
939 2965 1078 3022 verbum:
1106 2957 1247 3039 ernian,
1276 2969 1306 3020 et

204 3070 382 3122 contemtum
400 3071 429 3120 te
446 3063 555 3136 reddo,
579 3081 602 3123 s.
627 3063 797 3122 contemtim
823 3071 918 3122 tecum
935 3081 1003 3140 ago.
1030 3057 1084 3126 522
1105 3061 1152 3120 Pi.
1176 3071 1306 3122 contem-

204 3171 267 3220 tum
285 3162 408 3221 alicuiue
425 3162 525 3223 verbis
543 3183 567 3222 s.
586 3163 671 3222 factis
690 3163 871 3239 exprimere,
895 3163 949 3222 cfr.
973 3163 1030 3222 Ies.
1048 3163 1135 3234 XIV,
1153 3165 1195 3220 21.
1223 3163 1306 3221 Deus

206 3270 303 3321 autem
327 3281 403 3338 quos
426 3265 586 3322 contemnit
609 3283 661 3323 eeu
683 3283 738 3338 pro
762 3264 854 3322 nihilo
871 3264 962 3322 habet
978 3263 1045 3341 (cfr.
1063 3265 1093 3337 I,
1109 3268 1141 3320 14
1163 3258 1237 3338 otiu
1259 3263 1306 3338 Ὶ3)

205 3381 256 3420 eos
280 3362 443 3438 exstinguit
465 3373 555 3442 atque
572 3363 686 3422 evertit.
716 3379 790 3424 run:
805 3379 920 3436 renui,
953 3372 983 3422 et
1016 3364 1164 3424 constituo
1189 3369 1219 3419 te
1242 3371 1307 3420 tan·

205 3481 295 3539 quam
313 3464 474 3538 exemplar.
497 3483 553 3553 ³⁵5]
575 3465 605 3522 in
622 3483 719 3539 pausa
750 3471 822 3543 ruit,
839 3463 989 3540 singulare
1005 3464 1119 3523 formae
1132 3481 1225 3539 genus
1237 3481 1264 3520 a.
1277 3483 1305 3520 v.

205 3578 268 3622 urci
304 3571 350 3622 ter
383 3545 553 3639 praeterea·
570 3570 732 3640 repertum:
768 3562 844 3623 Gen.
869 3565 961 3638 XVI,
989 3569 1021 3622 13
1051 3583 1138 3624 sensu
1171 3561 1306 3634 visionis,

206 3669 219 3720 1
234 3661 315 3722 Sam.
333 3663 424 3737 XVI,
444 3667 573 3739 12310b.
591 3663 750 3737 XXXIII,
764 3669 796 3722 21
815 3665 936 3723 notione
951 3673 1105 3742 aspectus3
1123 3671 1201 3722 recte
1218 3662 1308 3738 igitur

204 3764 294 3822 LXX
319 3764 459 3824 exhibent
485 3755 718 3845 παράδὲιγμα,
745 3773 774 3824 et
797 3765 924 3841 interpp.
948 3767 1097 3843 plerique:
1130 3763 1307 3839 exemplum,

205 3865 414 3938 spectaculum.
449 3865 560 3926 Sensus
582 3866 614 3923 in
637 3874 777 3942 promptu
801 3874 859 3925 est:
886 3866 993 3939 „edam
1020 3867 1052 3924 in
1085 3873 1113 3924 te
1140 3864 1309 3938 exemplum

205 3963 352 4023 vindictae
371 3971 477 4040 tuae,‘t
494 3967 614 4038 Tuan,
639 3975 711 4039 „ut,
736 3967 852 4044 quoties
870 3967 906 4024 tle
923 3967 1039 4043 magnis
1057 3965 1186 4043 peccatis
1203 3971 1255 4022 aut
1272 3963 1309 4020 de

259 4189 284 4249 1)
300 4187 352 4238 Otr.
369 4189 481 4241 Kurruru
498 4193 588 4242 leram.
608 4193 634 4242 ll.
653 4207 685 4242 ss.
703 4193 806 4257 iuterpr.
825 4207 850 4255 p.
864 4191 921 4241 137.
