2954 4808
433 250 459 329 ξ,
477 258 503 310 4.
529 250 580 314 Dr
597 269 787 316 counrrrona
804 253 1002 316 Iuoanoauu.
1216 271 1275 316 xxi

167 441 215 494 tas
237 433 313 494 adeo
336 435 477 510 perculit,
509 446 542 495 ut
564 437 648 496 tarde
670 437 787 498 demum
810 439 848 498 ab
870 437 1020 498 horrenda
1035 436 1120 498 clade
1142 437 1272 514 respira·

165 543 240 594 rent.
259 569 295 578 -
314 535 356 594 At
368 537 433 612 ipse
447 536 535 596 etiam
548 537 673 598 Hiskias
686 559 862 616 prosperum
875 540 1012 600 fortunae
1028 539 1133 598 flatum
1148 557 1182 600 se
1194 539 1272 599 ferre

164 653 226 694 non
242 654 333 711 posse
347 637 502 712 probarit3
525 657 593 698 nam
616 657 682 700 cum
707 640 760 700 vix
781 640 904 700 mirifice
929 647 1010 701 esset
1026 648 1182 716 expertus,
1208 649 1270 700 nort

163 735 195 794 in
212 735 382 796 bominibus
398 738 498 798 sedin
515 740 579 798 solo
599 740 654 800 deo
672 740 876 800 confidendum
889 759 978 814 esse,
1001 750 1100 800 tamen
1125 759 1191 799 cam
1208 740 1269 800 Ba-

163 837 279 914 bylonii
297 837 457 899 amicitiam
475 847 505 898 et
524 840 696 900 societatem
708 841 735 902 ei
748 841 908 916 offerrent,
926 840 1081 922 blanditiis
1094 860 1196 900 eorum
1207 840 1271 918 pel·

165 937 276 1010 lectus,
299 949 333 998 ut
352 939 472 1000 foedere
494 959 559 1000 sese
582 941 703 1018 dignum
726 950 993 1016 commonstraret,
1017 959 1120 1002 omnes
1142 941 1179 1000 iis
1197 959 1271 1018 opes

164 1046 194 1098 et
210 1038 390 1098 munimenta
406 1040 544 1100 iactando
562 1043 705 1102 ostendit.
730 1043 809 1103 Tum
833 1061 904 1102 vero
920 1041 1051 1104 Iesaias¹
1073 1044 1199 1116 „eeee,“
1222 1041 1269 1100 in·

59 1175 61 1186 =
169 1137 252 1215 quit,
272 1139 412 1212 „venient
429 1141 507 1214 dies,
525 1149 556 1200 et
571 1143 744 1204 auferuntur
761 1143 875 1216 omnia,
894 1143 1017 1222 quaein
1035 1141 1123 1202 domo
1137 1152 1189 1202 tua
1201 1151 1272 1202 sunt

164 1247 199 1298 et
216 1257 295 1330 'quae
312 1251 522 1318 congesserunt
537 1253 639 1320 patres
656 1245 700 1304 tui
713 1264 806 1323 usque
818 1245 858 1304 ad
870 1245 948 1304 bunc
960 1244 1052 1316 dlem,
1068 1243 1269 1321 Babylonem

96 1408 99 1417 Ι
163 1358 227 1398 non
243 1342 444 1400 retardabitur
460 1344 664 1417 boeverbnm,
683 1345 755 1405 dicit
771 1345 937 1418 Dominus3
954 1353 984 1404 et
1001 1363 1045 1404 ex
1061 1344 1159 1404 filiis
1177 1343 1267 1414 tuis,

163 1441 218 1518 qui
236 1461 256 1499 a
274 1451 303 1500 te
320 1443 490 1517 exiverunt,
509 1463 603 1521 quos
620 1445 766 1522 gignes,
784 1454 940 1506 sumuntur
956 1453 986 1504 et
1002 1454 1071 1504 sunt
1090 1444 1218 1504 ministri
1234 1444 1266 1502 in

163 1541 279 1618 palatio
296 1543 375 1619 regis
392 1543 619 1622 Babyloniael“
637 1579 673 1590 -
690 1545 775 1608 Haec
797 1555 896 1606 autem
917 1565 979 1604 vox
1004 1547 1083 1604 haud
1105 1546 1148 1606 ita
1173 1545 1267 1604 multo

161 1650 235 1718 post
252 1644 361 1719 partim
379 1645 489 1718 evenit;
508 1665 594 1720 nam,
613 1667 632 1705 a
648 1647 756 1724 quibus
773 1657 834 1707 tam
852 1647 1004 1723 splendide
1018 1656 1047 1706 et
1058 1645 1267 1728 gloriose-erat

164 1743 347 1818 vindicatus,
365 1745 403 1805 ab
420 1745 526 1825 iisdem
538 1747 674 1826 Assyriis
686 1748 824 1810 Manasse
838 1748 917 1808 filius
930 1747 1115 1826 Babylonem
1127 1746 1159 1806 in
1171 1746 1265 1823 capti-

162 1843 284 1905 vitatem
301 1846 446 1906 abductus
463 1857 517 1907 est.

228 1944 332 2005 Tertio
349 1967 428 2006 anno
446 1956 642 2026 posteaquam
660 1969 679 2008 a
696 1949 849 2008 mortifero
868 1951 972 2008 morbo
987 1949 1113 2010 Hiskias
1130 1948 1188 2008 luit
1205 1967 1266 2008 ser-

161 2045 279 2119 vatus²,
304 2055 391 2107 natus
414 2057 460 2107 est
481 2049 648 2109 Manasse³.
683 2049 742 2126 Qui
767 2069 831 2108 eum
855 2040 967 2108 ΧΠἱιιιο
990 2051 1096 2109 aetatis
1122 2069 1200 2108 anno
1226 2049 1265 2106 ad

160 2165 283 2226 regnum
300 2148 498 2225 pervenisset,
516 2151 564 2210 vel
581 2150 704 2210 nefariis
722 2151 932 2228 magistrorum
950 2151 1083 2212 consiliis
1093 2149 1114 2226 ⁴,
1132 2150 1178 2210 vel
1195 2169 1265 2227 pra-

161 2268 265 2308 vorum
282 2249 410 2310 forsitan
426 2251 589 2310 amicornm
605 2253 751 2311 illecebris
769 2253 925 2326 seductus,
948 2252 1016 2328 ipsa
1039 2252 1162 2328 insuper
1178 2259 1270 2311 natu-1

160 2369 215 2408 rae
231 2349 394 2410 vitiositate
413 2351 598 2426 stimulante,
623 2361 653 2412 et
669 2353 844 2412 connivente
860 2353 1011 2412 iuventute
1028 2353 1067 2412 ad
1085 2351 1186 2411 omnia
1202 2369 1263 2410 ma·

160 2451 259 2510 lorum
283 2450 468 2512 irritamenta
479 2473 602 2529 Nparum
625 2453 767 2524 munital,
791 2471 826 2511 eo
844 2453 973 2514 excessit
988 2453 1208 2530 perversitatis,
1233 2459 1265 2510 ut

160 2571 321 2629 numquam
345 2553 494 2611 atrociora
517 2553 590 2612 vitia
612 2553 738 2613 viderint
759 2551 981 2632 Hierosolyma.
1008 2553 1089 2613 Nam
1114 2554 1264 2614 destructo

159 2651 284 2712 Domini
301 2652 362 2711 vivi
379 2654 500 2731 verique
517 2655 612 2730 cultu,
639 2674 726 2733 quem
744 2673 859 2714 summa
882 2674 947 2712 cum
966 2655 1120 2732 diligentia
1136 2665 1165 2714 et
1182 2653 1263 2714 solli-

158 2782 360 2792 ...m

214 2861 240 2923 1)
256 2858 307 2908 Ies.
323 2859 459 2921 XXXIX,
477 2860 500 2910 ὃ.
519 2859 543 2910 6.

210 2944 237 3006 2)
256 2943 407 3004 Quindecim
434 2945 496 2994 anni
522 2942 631 2994 Hiskiae
660 2951 719 3008 post
746 2945 863 2996 morbum
888 2953 963 2998 erant
987 2945 1122 3006 destinati,
1146 2944 1192 2996 etr.
1215 2944 1289 3004 Iea,

160 3029 322 3092 XXXVIII,
339 3030 369 3092 ὃ,
392 3029 513 3080 Manasse
535 3036 620 3078 autem
644 3027 778 3078 duodecim
801 3044 882 3082 annos
904 3038 980 3082 natus
997 3046 1084 3082 rerum
1100 3029 1200 3095 potitus
1218 3035 1265 3088 est,

163 3113 251 3179 tReg.
268 3114 349 3176 XXI,
370 3117 390 3164 l.
409 3113 565 3176 2Paralipp.
583 3113 721 3175 XXXIII,
739 3109 763 3164 1.

214 3197 240 3259 3)
257 3195 385 3259 Quoniam
402 3199 430 3248 iu
446 3200 473 3247 ll.
491 3213 524 3248 ss.
542 3198 669 3248 malorum
686 3211 775 3261 regum
797 3205 872 3262 gesta
893 3198 1057 3250 festinantius
1079 3197 1165 3248 solent
1188 3209 1265 3261 expe·

163 3283 227 3346 diri,
245 3283 279 3333 ad
296 3281 501 3334 concinnandam
519 3282 649 3332 Manassis
670 3281 820 3344 historiam,
843 3285 936 3348 qnippe
958 3283 1001 3347 qui
1018 3282 1065 3332 LV
1088 3297 1186 3345 annos,
1208 3281 1264 3332 diu-

161 3369 259 3418 tissima
281 3369 408 3430 omnium,
432 3369 592 3432 regnaverit,
614 3374 715 3432 praeter
737 3381 783 3428 ea,
805 3381 871 3431 quae
895 3382 928 3418 ex
948 3369 1006 3432 ipso
1023 3366 1145 3420 Nahumo
1168 3374 1266 3434 patent,

162 3452 226 3502 nihil
253 3454 363 3517 pertinet
386 3453 436 3502 nisi
464 3451 553 3516 arieg.
567 3453 644 3514 XXI,
661 3469 685 3502 r.
700 3453 784 3504 1-19
802 3460 829 3502 et
842 3451 998 3515 araretur.
1006 3453 1138 3516 XXXIII,
1147 3455 1266 3504 r.l·-21.

164 3537 264 3588 Contra
285 3538 413 3588 Ewsunus
437 3535 540 3600 (Gescb.
565 3537 611 3588 des
628 3537 726 3588 Volkcs
743 3538 825 3588 Israel
841 3537 898 3599 III,
918 3551 949 3598 a,
970 3552 995 3600 p.
1005 3537 1056 3586 364
1068 3536 1113 3599 ss.)
1136 3539 1266 3602 egregiam

163 3623 274 3674 fontium
291 3622 382 3672 silvam
399 3621 458 3672 huic
474 3623 584 3688 tempori
602 3621 729 3684 obtrudit,
745 3622 988 3683 Deuteronomium,
1008 3621 1103 3672 librum
1121 3621 1192 3682 Iobi,
1214 3620 1265 3672 les.

162 3707 464 3770 L11‚13·-n111,1a.
498 3705 744 3769 uvas-LVII,
763 3708 810 3768 11,
844 3705 1067 3768 Ps.X,1-·ll,
1096 3705 1176 3767 XVI,
1208 3705 1266 3766 XO,

162 3792 377 3844 oxu-exui
394 3792 451 3854 all,
469 3805 533 3856 quos
551 3805 640 3842 omnes
656 3791 734 3856 longe
750 3790 808 3840 aliis
820 3791 977 3855 temporibus
991 3789 1174 3840 adscribendos
1185 3790 1267 3840 eccle·

162 3879 216 3928 aiae
232 3891 327 3941 magno
345 3892 471 3928 causamn
487 3889 634 3938 censemus;
659 3890 690 3926 ec
711 3861 770 3927 licet
793 3875 827 3926 ad
850 3875 996 3926 universam
1018 3889 1103 3924 rarum
1125 3877 1266 3926 enarratio·

162 3977 235 4024 nem,
253 3963 315 4012 satis
333 3961 474 4012 luculenter
491 3968 517 4010 et
534 3961 665 4025 praeclare
683 3962 715 4012 ab
734 3977 765 4012 eo
783 3962 939 4023 institutam,
957 3961 1106 4026 opinionum
1120 3968 1266 4010 commenta

160 4047 207 4098 illa
222 4062 275 4096 non
292 4060 447 4110 magnopere
464 4047 647 4110 pertinuerint,
659 4054 745 4098 tamen
761 4048 789 4096 iu
806 4046 913 4112 siugulis
931 4048 1021 4109 rebus,
1038 4043 1134 4098 fictitiis
1150 4043 1265 4096 fontibus

160 4132 211 4181 illis
229 4132 320 4193 nixus,
337 4129 407 4180 baud
424 4143 505 4192 pauca
523 4130 658 4182 arbitraris
676 4131 815 4182 contendit.

212 4217 239 4278 4)
256 4215 307 4266 cfr.
327 4216 416 4266 Hsssu
435 4213 587 4264 Gescbichte
605 4216 651 4266 der
668 4215 771 4280 Ktiuige
787 4215 829 4278 11,
847 4231 871 4280 p.
886 4214 934 4268 tet
946 4231 978 4266 ss.

213 4297 239 4359 ὁ)
258 4299 310 4350 ee.
331 4298 477 4350 Rettuli.
495 4315 520 4363 p.
533 4299 590 4352 559.
789 4306 790 4310 ’
