2954 4784
323 795 632 912 ¹ADDENDA
665 813 744 910 ET
781 811 1156 910 EMENDANDA.

254 1197 278 1244 p.
290 1181 374 1240 XIII,
393 1179 410 1227 l.
424 1180 456 1228 23
474 1178 532 1240 lego
550 1181 585 1228 sis
603 1180 685 1231 CXV.

143 1327 145 1332 Ι
253 1281 277 1328 p.
289 1263 386 1325 XXII,
410 1269 463 1312 not.
487 1263 504 1311 l.
523 1263 547 1313 5.
571 1264 616 1314 clr.
640 1265 811 1316 Gnorsrsrmn
834 1263 1045 1326 disputationem:
1068 1262 1119 1310 Die
1142 1261 1306 1314 Sternlrunde

201 1348 249 1396 der
265 1347 366 1410 Babyll.
384 1362 409 1395 u.
428 1348 503 1407 Asa,
520 1347 565 1396 cfr.
578 1349 749 1412 Erliuterung
761 1349 808 1396 der
818 1347 999 1397 Kellsohristen
1016 1345 1212 1408 babylonischer
1223 1346 1306 1397 Bask-

182 1422 411 1494 'stein-cylinder.
431 1431 510 1491 1852,
529 1446 555 1494 p.
569 1433 687 1482 13-23.

252 1534 276 1582 p.
288 1517 371 1565 XXII
382 1531 415 1564 ss.
467 1513 533 1564 cnm
556 1511 712 1578 opusculuml
729 1521 845 1563 nostrum
869 1514 938 1578 typis
958 1520 1039 1563 toturn
1058 1521 1125 1563 esset
1143 1515 1305 1579 exscriptum,

199 1601 308 1650 feliciter
323 1601 421 1660 evenit,
438 1605 467 1647 ut
485 1599 652 1648 novissimum
667 1599 782 1647 Laranot
800 1598 892 1647 librum
910 1595 988 1647 modo
1010 1597 1105 1646 editum
1125 1600 1305 1662 acciperemus,

200 1687 240 1734 cui
258 1685 406 1748 inscriptum
430 1689 481 1730 est:
507 1681 685 1743 ,DIscoveries
709 1681 736 1730 in
759 1682 803 1730 the
823 1681 893 1730 ruins
918 1681 948 1730 of
962 1681 1080 1730 Nineveh
1104 1680 1156 1728 and
1176 1680 1304 1745 Babylon,

200 1769 264 1817 avith
281 1769 375 1817 trevels
392 1769 420 1816 in
437 1765 577 1826 Armenia,
600 1765 744 1815 Kurdlstan
762 1765 813 1816 and
831 1763 875 1814 the
893 1763 991 1827 desert3
1015 1765 1091 1828 being
1115 1764 1158 1814 the
1180 1765 1260 1814 result
1277 1765 1307 1815 of

200 1867 216 1903 a
227 1851 321 1903 second
334 1851 482 1916 expedition
494 1857 526 1899 ct.
537 1850 619 1900 Lond.
625 1849 650 1900 J.
659 1851 766 1913 Murray
774 1850 840 1901 1853
850 1849 909 1911 (685
921 1847 981 1912 p.).“
994 1851 1039 1898 cfr.
1050 1863 1127 1913 supra
1137 1865 1161 1912 p.
1171 1847 1303 1910 XXXIII,

199 1944 253 1987 not.
289 1934 348 1996 Quo
366 1936 431 1985 libro
449 1934 701 1997 magnificentissimo
718 1937 809 1999 ingens
827 1939 903 1995 atque
914 1933 1047 1996 praeclara
1062 1933 1207 1982 continetur
1218 1946 1303 1981 rerum

199 2021 277 2082 silva,
296 2020 328 2069 ab
346 2033 369 2067 a.
389 2019 454 2070 1847
473 2018 593 2081 deinceps
611 2026 771 2083 comparata,
790 2030 840 2080 qua
859 2017 982 2077 Assyriae
1008 2017 1167 2079 antiquitatis
1190 2017 1302 2078 cognitio

107 2103 111 2110 '
199 2117 355 2168 magnopere
372 2102 528 2166 amplificata
544 2108 597 2165 est3
621 2110 723 2167 praeter
740 2109 826 2152 cetera
843 2097 979 2149 Senberibi
997 2101 1064 2163 regis
1082 2099 1303 2163 praestantissima

199 2193 365 2238 monumenta
382 2187 544 2250 reperiuntur
561 2185 701 2250 descripta,
721 2201 768 2235 nec
785 2199 838 2234 nou
856 2197 994 2232 cuneorum
1007 2185 1149 2232 sententiae
1161 2184 1300 2233 secundum

198 2271 295 2320 Hrurrsu
313 2277 339 2320 et
356 2270 524 2320 Rimnsonn
541 2270 767 2334 interpretationes
784 2267 944 2334 propositae3
963 2274 989 2316 et
1007 2282 1063 2317 cum
1076 2267 1203 2329 permulta
1215 2282 1248 2318 ex
1260 2269 1301 2328 lls,

198 2371 262 2419 qnae
286 2356 318 2405 de
340 2355 415 2404 rebus
433 2354 600 2417 Assyriorum
622 2356 782 2415 notavimus,
806 2353 958 2416 gravissimo
984 2351 1033 2400 hoc
1056 2350 1121 2400 libro
1144 2365 1302 2415 magnopere

198 2445 339 2504 appareant
355 2438 516 2500 confirmata,
534 2453 600 2502 quae
619 2441 725 2488 maximi
742 2439 879 2487 videantur
895 2436 1018 2485 momenti
1035 2449 1104 2494 esse,
1129 2449 1161 2484 ea
1181 2435 1301 2498 deinceps
1348 2432 1350 2436 ’

198 2525 250 2572 iam
268 2521 388 2572 addenda
404 2522 614 2571 existimavimus.
634 2546 664 2556 -
684 2526 724 2572 Ac
746 2523 856 2586 primum
879 2518 983 2584 quidem
1006 2520 1144 2568 Larsnonu
1168 2528 1194 2569 et
1218 2520 1300 2583 ipsum

103 2617 113 2624 ”
197 2607 230 2656 de
248 2606 297 2655 diis
308 2607 369 2655 Ass.
386 2605 424 2652 ita
439 2603 556 2653 videmus
574 2607 683 2668 sentire,
701 2614 729 2656 ut
747 2608 858 2671 supremi
875 2603 987 2654 numinis
1005 2603 1068 2652 duas
1081 2604 1186 2666 reperiri
1204 2604 1301 2666 figuras

198 2704 276 2755 supra
292 2687 431 2751 descriptas
450 2687 508 2736 illas
526 2703 550 2750 p.
563 2689 675 2752 XXIII,
695 2692 823 2740 existimet
835 2706 860 2754 p.
870 2691 928 2740 637.
942 2691 970 2751 83
989 2695 1015 2737 et
1032 2686 1100 2751 quod
1119 2687 1152 2736 ad
1169 2686 1301 2737 Ascheraa

161 2783 167 2796 ·
197 2777 328 2824 notionem
346 2771 524 2820 illustrandam
543 2773 646 2833 attinet,
665 2787 696 2822 ea
714 2775 813 2824 arborIs
832 2788 919 2823 sacrae
934 2774 1044 2836 species,
1063 2785 1138 2834 quam
1150 2770 1300 2834 primoloco

198 2858 388 2922 descripsimus,
406 2854 535 2905 luculento
550 2856 669 2920 exemplo
682 2856 790 2906 habetur
808 2875 831 2922 p.
845 2859 909 2919 343,
926 2871 983 2906 cum
992 2857 1069 2905 tertia
1081 2855 1147 2902 ratio
1159 2853 1299 2902 clarissime

198 2935 367 2999 conspiciatur
391 2938 418 2986 in
440 2939 555 3002 cylindro
579 2939 690 3003 quodam
709 2939 845 2992 SenberIbl
863 2957 887 3006 p.
902 2941 959 2991 160.
983 2938 1040 3000 Quo
1059 2937 1126 2986 adde
1144 2935 1300 2999 simplicissi-

197 3034 265 3070 mam
285 3019 384 3069 arboris
401 3022 510 3072 sormam
529 3023 561 3072 ad
580 3038 677 3073 meram
695 3033 811 3074 naturam
831 3041 977 3090 expressam
996 3025 1022 3073 in
1041 3019 1157 3085 cylindro
1171 3019 1298 3082 Babylon.

198 3105 243 3153 cfr.
261 3105 367 3153 Horrea
378 3104 490 3155 Chaldee
508 3114 539 3156 ct.
558 3109 759 3172 tab.20,fig.1l.
778 3109 861 3158 Porro
879 3110 1146 3174 praeterAssaracum
1164 3103 1219 3153 XII
1237 3103 1299 3152 deos

197 3189 307 3238 maiores
325 3187 519 3250 distinguendos
537 3205 589 3241 una
605 3207 660 3240 cnm
680 3191 769 3242 Rawt.
789 3200 814 3242 et
831 3193 938 3242 Hrnnsro
956 3192 1043 3252 docet,
1067 3205 1174 3253 quorum
1194 3188 1300 3237 nomina

197 3274 224 3320 in
242 3273 313 3336 regia
330 3271 418 3320 tabula
436 3274 546 3336 quadam
564 3282 735 3338 recensentur,
753 3277 799 3327 cfr.
817 3293 841 3340 p.
856 3278 920 3338 6293
944 3275 1051 3325 totidem
1070 3273 1137 3338 apud
1154 3273 1299 3337 Aegyptios

198 3364 225 3406 et
242 3355 310 3421 apud
328 3355 441 3406 Graecos
460 3358 497 3407 dii
514 3360 625 3410 maiores
642 3360 753 3409 fuerunt.

248 3457 271 3504 p.
284 3441 377 3502 XXX,
396 3441 412 3488 l.
426 3443 449 3492 8.
484 3442 597 3508 Populus
620 3459 672 3495 non
694 3445 770 3495 desiit
792 3446 926 3495 lmmolare
949 3444 975 3492 in
998 3441 1122 3491 montium
1145 3442 1225 3506 iugis,
1252 3441 1297 3490 alr.

198 3523 315 3574 lParall.
332 3525 427 3588 XXX,
447 3529 485 3577 17.
520 3528 654 3578 Eiusmodi
672 3543 732 3579 aree
750 3531 778 3579 ln
795 3537 881 3579 monte
899 3527 1052 3578 constitutae
1074 3525 1210 3589 imaginem
1228 3525 1298 3574 exbi-

197 3607 241 3656 bet
257 3606 320 3655 Bon.
338 3609 400 3659 Nin.
419 3627 442 3674 p.
457 3613 514 3662 172.

248 3709 272 3756 p.
285 3693 419 3756 XXXVI,
437 3693 454 3745 l.
472 3711 498 3744 n.
533 3692 636 3754 Quianto
660 3695 787 3746 stttns.
811 3703 836 3745 et
853 3696 973 3745 Hrnnsrns
996 3693 1051 3754 (cir.
1070 3693 1253 3744 Transactions
1272 3693 1302 3741 oi

198 3773 240 3824 tha
264 3775 294 3825 lt.
312 3776 379 3825 Irish
397 3779 545 3841 Academy,
567 3779 690 3829 vol.XX.
713 3779 796 3828 XXII
813 3779 855 3839 ct.)
879 3786 905 3828 et
925 3781 1074 3840 bassanus,
1098 3791 1171 3828 suam
1192 3776 1299 3840 quisque

198 3861 276 3909 secuti
296 3862 435 3923 rationem,
459 3862 492 3911 ad
510 3861 614 3912 easdem
631 3865 714 3927 magis
732 3864 862 3926 magisque
875 3863 1036 3914 adducantur
1050 3862 1204 3921 sententlas,
1222 3867 1298 3920 atque

197 3945 223 3992 in
241 3946 346 3994 minutIs
363 3951 462 3995 tautum
480 3945 555 3994 rebus
573 3945 742 4017 dinsentiant,
759 3963 805 4012 per
817 3963 892 3996 omne
904 3949 1020 3998 Musam
1038 3963 1102 4012 opus
1115 3941 1226 3993 dilucide
1238 3957 1297 3991 con-

197 4029 308 4091 spicitur.
345 4029 459 4079 Maxime
474 4035 560 4079 autern
577 4031 698 4094 ponderis
716 4040 755 4082 est
772 4032 861 4081 tabula
878 4033 1003 4096 quaedam
1023 4033 1154 4095 signorum
1177 4023 1298 4077 cuneato·

197 4127 265 4174 rum,
289 4115 315 4162 in
339 4113 455 4178 cylindro
473 4129 607 4180 expressa,
629 4116 661 4165 de
678 4131 730 4180 qua
746 4118 807 4166 Lan.
826 4133 851 4180 p.
865 4117 928 4166 345:
955 4131 1003 4178 ,on
1028 4129 1076 4164 one
1097 4110 1232 4176 (cylinder)
1250 4112 1296 4161 Dr.

197 4197 276 4246 lituus
294 4197 340 4248 has
359 4199 476 4250 detected
495 4214 511 4249 a
528 4201 597 4251 table
616 4201 646 4250 os
660 4201 703 4251 the
724 4202 796 4252 iulus
815 4203 844 4252 of
859 4201 956 4253 certain
975 4199 1115 4250 cuneiform
1132 4199 1234 4261 letters,
1252 4211 1296 4246 sx-
