2954 4808
174 159 259 226 ’xm
550 166 792 226 Paciaecusus.
815 163 888 224 (ins.
906 164 944 222 11.

193 351 278 424 latis,
303 357 443 426 quattuor
464 348 507 408 ibi
531 349 641 426 oppida
665 349 848 420 condidisse,
882 347 1028 420 Niniven,
1055 347 1231 408 Rechcboth
1254 352 1295 424 lr,

194 452 326 523 Kalach,
351 450 467 522 Resen3
494 469 510 508 e
537 450 643 528 quibus
660 448 733 508 Nini
757 450 831 508 situs
856 457 936 508 certo
960 447 1074 506 deliniri
1098 459 1214 526 potest:
1238 451 1296 511 sita

195 561 258 612 erat
279 553 311 610 in
328 551 449 612 sinistra
466 549 600 628 Tigridis
623 551 690 626 ripa
701 550 718 622 ¹,
744 570 803 608 555
827 552 951 610 51511515
975 568 1065 626 supra
1088 551 1172 610 illum
1187 553 1296 626 locum,

247 825 272 886 1)
289 825 328 873 Eo
346 824 403 874 1555
419 821 538 872 Ninum
556 821 619 870 olim
637 823 711 871 sitam
729 822 820 880 fuisse,
837 819 1044 870 luculentissimis
1059 823 1217 884 argumentis
1229 838 1297 872 com·

197 910 333 974 probatur,
356 922 420 972 quae
445 913 498 956 tam
516 913 631 955 veterum
648 906 812 971 suppeditant
829 903 924 967 scripta
940 921 1017 969 quam
1034 906 1114 956 medii
1137 907 1193 955 aevi
1211 913 1297 956 aucto·

196 1009 237 1043 155
253 992 416 1057 geographici
434 997 459 1040 et
476 989 586 1040 traditae
603 990 722 1056 deinceps
739 1005 785 1054 per
801 996 840 1040 tot
857 991 943 1040 secula
960 991 1101 1039 incolarum
1120 991 1254 1054 opiniones
1272 997 1316 1048 etv

196 1080 368 1137 narrationem
394 1075 421 1124 id
444 1075 513 1140 quod
535 1075 662 1125 uberrime
684 1076 924 1126 demonstraverunt
941 1073 1042 1124 11111511.
1060 1075 1140 1124 Erdk.
1159 1078 1298 1140 pillea,

196 1179 312 1214 necnon
330 1162 409 1212 Tucu.
433 1162 460 1210 in
483 1163 698 1210 commentatione
719 1160 916 1222 diligentissime
939 1159 1084 1220 conscripta
1107 1160 1152 1208 illa
1176 1159 1209 1208 de
1225 1158 1297 1208 Nino

197 1248 272 1308 urbe,
289 1263 313 1310 p.
326 1247 341 1294 3
355 1259 388 1294 ss.
407 1245 439 1293 17
452 1259 501 1307 55.;
525 1245 629 1294 brevem
652 1245 744 1294 horum
762 1250 969 1307 argumentorum
993 1249 1019 1291 et
1042 1249 1183 1293 ceterarum
1205 1259 1299 1306 rerum,

197 1345 262 1396 quae
280 1330 313 1380 ad
331 1331 406 1378 situm
418 1329 482 1379 Nini
501 1336 526 1378 et
543 1329 677 1379 historiam
689 1330 831 1392 pertinent,
849 1333 1011 1390 conspectum
1022 1329 1155 1391 proposuit
1166 1329 1299 1379 015151111-

196 1429 274 1476 sonu,
295 1414 390 1464 Ninive
408 1429 431 1462 5.
450 1414 506 1464 5515
524 1414 624 1465 Gebiet.
659 1415 700 1464 Ac
716 1413 896 1478 Xenophontis
914 1412 1017 1475 quidem
1036 1414 1189 1475 auctoritas,
1212 1415 1300 1477 quiin

196 1500 242 1550 illa
258 1501 363 1562 regione
380 1505 464 1548 555115
481 1499 579 1562 posuit,
596 1496 659 1547 Nini
678 1503 764 1546 autern
782 1512 875 1547 nomen
892 1497 994 1546 videtur
1011 1497 1159 1560 ignorasse,
1183 1513 1230 1548 555
1247 1499 1298 1547 nisi

196 1584 333 1648 Mespilam
357 1581 432 1632 affert
453 1589 575 1645 tanquam
597 1596 692 1632 nomen
713 1581 857 1645 ingentium
879 1583 1023 1642 ruinarum,
1052 1586 1152 1632 tantum
1175 1583 1249 1632 abest
1272 1589 1300 1632 ut

197 1673 330 1735 quicquam
348 1675 437 1718 contra
454 1666 521 1716 hanc
538 1667 692 1716 sententiam
708 1667 808 1730 valeat,
832 1673 860 1716 ut
883 1666 924 1716 vel
942 1681 974 1716 ex
992 1666 1125 1729 ipsissimis
1143 1669 1227 1720 verbis
1245 1669 1299 1718 eius

196 1762 297 1822 pateat,
320 1767 373 1804 555
392 1766 466 1816 posse
484 1766 541 1800 eum
559 1751 609 1800 nisi
625 1749 689 1800 Nini
705 1750 869 1814 descripsisse
891 1751 993 1812 ruinas;
1016 1764 1077 1800 nam
1101 1752 1199 1819 lapides
1223 1755 1299 1814 caesi,

199 1840 301 1892 conchis
319 1845 345 1886 et
363 1836 509 1900 petrefaotis
521 1835 649 1896 distincti,
666 1849 729 1898 quas
741 1835 769 1884 in
779 1836 910 1886 ruinarum
922 1836 1056 1887 moenibus
1069 1851 1125 1886 sess
1136 1839 1300 1902 conspexisse

197 1926 246 1985 ait,
269 1936 393 1986 nusquam
410 1921 461 1968 nisi
479 1920 575 1969 inillis
593 1920 697 1969 omnino
715 1923 889 1984 reperiuntur,
912 1936 975 1984 quas
998 1921 1101 1972 aliunde
1125 1929 1225 1972 constat
1243 1938 1298 1972 esse

197 2009 275 2070 Nini;
293 2007 337 2056 cfr.
355 2005 456 2056 Risusa.
474 2005 491 2053 1.
504 2004 521 2053 l.
539 2002 594 2065 XI,
612 2017 637 2066 p.
654 2005 712 2054 175.
731 2005 789 2055 238.
825 2006 904 2055 Τ555.
923 2007 940 2055 1.
952 2007 970 2055 1.
988 2008 1055 2070 542
1069 2021 1101 2056 55.
1120 2006 1299 2070 151155115.

197 2091 333 2142 Drononuu
356 2097 441 2140 autem
462 2088 627 2137 vehementer
650 2102 749 2146 errasse
771 2104 827 2138 cum
849 2089 917 2138 Bibl.
935 2086 978 2154 11,
1002 2093 1026 2142 3.
1051 2093 1083 2140 27
1106 2090 1203 2140 Ninum
1231 2091 1301 2156 apud

197 2177 355 2241 Euphratem
377 2175 450 2223 sitam
473 2173 552 2222 inisse
575 2172 702 2234 traderet,
725 2189 781 2222 cum
804 2174 864 2224 inde
888 2182 1008 2238 apparet,
1031 2175 1101 2238 qnod
1122 2177 1201 2239 ipsius
1222 2175 1301 2224 verba

198 2261 267 2310 haud
290 2261 351 2309 satis
373 2259 441 2307 inter
464 2271 492 2306 se
515 2264 634 2308 constant
655 2255 711 2318 (cir.
733 2257 834 2308 1111155.
857 2260 874 2308 1.
894 2260 911 2307 1.
936 2276 960 2324 p.
979 2260 1051 2322 228),
1075 2267 1129 2310 tum
1154 2261 1301 2311 clarissimis

198 2346 312 2404 Hauon,
335 2342 441 2404 81515,
465 2341 710 2404 Τ1511.,Ρ15151.,
733 2343 1030 2406 Α51111151Μ111551155,
1053 2345 1130 2394 anu
1150 2345 1302 2394 testimoniis

199 2429 364 2480 confirmatur
380 2426 434 2489 (cir.
451 2426 553 2476 Bursa.
565 2427 627 2476 ibid.
646 2443 669 2490 p.
683 2429 731 2476 171
746 2426 803 2490 ss.);
822 2425 890 2476 unde
907 2429 981 2476 simul
999 2435 1082 2492 patet,
1100 2429 1166 2478 15155
1184 2443 1200 2477 a
1216 2428 1301 2478 Penne

200 2513 234 2562 ad
252 2511 434 2562 occidentalem
452 2510 565 2574 Tigridis
583 2512 665 2575 ripam
682 2511 752 2560 urbis
769 2512 854 2560 locum
871 2513 1054 2576 transpositum
1073 2527 1136 2562 esse.
1163 2512 1302 2562 Nihilomi-

199 2612 248 2646 nus
264 2603 353 2646 nostra
370 2597 493 2646 memoria
509 2597 627 2645 15555155
645 2603 697 2658 551,
722 2597 765 2660 qui
782 2595 893 2646 Drcncru
917 2597 1062 2660 opinionem
1087 2611 1140 2646 non
1156 2597 1234 2647 modo
1250 2597 1303 2647 for·

200 2683 261 2730 titer
278 2680 442 2741 defenderet,
459 2694 548 2729 verum
566 2681 645 2728 etiem
663 2693 764 2728 omnem
781 2687 896 2732 moveret
912 2681 1038 2744 lapidem,
1056 2697 1106 2744 quc
1118 2687 1302 2732 commonstra·

200 2773 252 2827 ret,
278 2767 365 2816 ruinas
388 2780 402 2814 e
426 2765 530 2828 regione
555 2762 685 2812 Mossulae
708 2772 810 2828 apertas
833 2766 903 2814 55115
929 2765 1006 2814 modo
1035 2779 1110 2829 posse
1134 2779 1217 2829 neque
1238 2764 1302 2814 Nini
1391 2767 1395 2776 '

200 2865 283 2915 neque
301 2849 405 2898 omnino
416 2851 581 2912 Assyriorum
598 2862 667 2909 esse,
685 2848 766 2899 Fano.
779 2850 893 2899 Hossss.
912 2849 983 2911 dico,
1002 2851 1045 2913 qui
1062 2851 1161 2900 sutilem
1179 2849 1302 2913 discepta-

202 2936 298 2984 tionem
316 2948 401 2995 suam,
420 2934 513 2996 partim
528 2929 674 2996 'expositam
687 2934 714 2982 in
726 2933 824 2983 diurnis
833 2933 1021 2984 Parisiensibus
1032 2935 1217 2984 L'illustration
1228 2934 1303 2994 1849,

202 3022 242 3070 22.
255 3017 338 3079 Noa,
356 3017 436 3078 1850,
455 3017 496 3066 26.
508 3017 579 3078 Ι55.,
598 3016 699 3066 5551155
717 3018 873 3068 declaratam
891 3019 918 3066 in
935 3019 1020 3068 libris:
1038 3019 1154 3069 Premier
1165 3025 1191 3068 et
1209 3018 1303 3068 second

202 3101 324 3153 15555115
346 3115 390 3150 551
411 3100 521 3162 Ninive,
544 3099 625 3150 Paris.
652 3102 730 3163 1850,
761 3103 861 3152 etiamsi
884 3102 1021 3165 diligenter
1045 3105 1124 3154 fuerit
1149 3104 1261 3152 refutata
1288 3118 1304 3152 a

203 3186 382 3246 Qusramsruo
400 3183 499 3245 (Journ.
518 3185 542 3234 d.
562 3181 663 3236 Savans
682 3189 762 3249 1850,
780 3187 991 3251 m.1un.)etde
1009 3187 1106 3238 815151
1123 3190 1245 3252 aliisque,
1265 3190 1303 3238 ni·

202 3272 255 3320 hilo
274 3271 356 3320 secius
373 3269 475 3334 copiose
498 3271 601 3334 repetiit
625 3278 712 3322 nostro
738 3272 846 3335 primum
870 3285 987 3322 sermone
1004 3271 1058 3333 (cfr.
1076 3273 1180 3324 Wiener
1203 3275 1303 3336 allgem.

201 3355 361 3418 Banneitnng
378 3354 418 3404 ed.
436 3355 571 3404 Fosasrrur
589 3357 672 3418 1850,
695 3357 834 3406 Literatur·
856 3357 909 3404 und
926 3358 1107 3420 Anneigeblatt
1130 3375 1155 3424 p.
1166 3359 1198 3408 79
1209 3357 1305 3419 -107)

202 3439 295 3490 deinde
319 3441 396 3498 etiam
419 3439 613 3504 Francogallico
637 3438 794 3500 (L'Univers.
819 3441 934 3490 Histoire
958 3449 983 3490 et
1003 3440 1166 3506 Descriptiou
1190 3442 1222 3492 de
1246 3449 1304 3492 tous

202 3527 240 3574 les
257 3525 369 3588 peuples.
404 3521 532 3585 Chaldia,
552 3518 676 3587 Assyrie‚
697 3521 817 3574 Phinicie
834 3529 866 3574 ct.
885 3539 933 3588 par
949 3525 979 3574 F.
996 3526 1110 3576 Hosrsn.
1129 3526 1211 3576 Paris.
1231 3528 1305 3588 1852,

202 3623 229 3670 p.
241 3610 290 3658 248
304 3623 336 3657 55.
347 3624 370 3672 p.
381 3606 448 3667 323).
466 3609 504 3658 Α1
521 3623 583 3658 5515
601 3615 765 3672 argumenta,
782 3610 873 3673 quibus
891 3609 1052 3658 arbitrariam
1071 3611 1218 3674 opinionem
1232 3624 1305 3660 susm

203 3695 253 3744 sibi
270 3694 370 3745 videtur
386 3693 489 3755 fulcire,
513 3692 639 3742 eiusmodi
657 3699 728 3756 sunt,
752 3706 794 3756 ut,
817 3695 839 3742 si
861 3694 902 3744 551
924 3694 996 3743 nulla
1018 3695 1169 3744 haberemus
1191 3700 1306 3743 55151515

205 3779 365 3838 testimonia,
389 3791 454 3840 quae
471 3775 569 3826 Ninum
585 3777 613 3826 in
631 3778 736 3828 sinistra
753 3778 868 3840 Tigridis
885 3780 942 3842 ripa
958 3781 1124 3830 constitutam
1140 3778 1218 3828 fuisse
1237 3778 1306 3828 111111-

179 3862 181 3867 ’
203 3869 288 3922 mant,
306 3863 347 3910 551
364 3861 507 3912 miserrima
524 3861 627 3910 illcmm
643 3863 743 3912 ratione
761 3864 842 3913 altera
859 3864 905 3913 illa
922 3877 1080 3926 magnopere
1097 3862 1321 3924 labefectaretnm,

204 3959 270 4009 quse
293 3954 321 3994 ut
344 3933 484 3994 referamus
512 3951 538 3992 et
563 3958 753 4008 recenseamus,
785 3961 878 4012 operae
900 3949 1008 4011 pretium
1026 3965 1079 3999 non
1097 3955 1149 4010 551,
1173 3946 1236 3996 satis
1259 3946 1307 3996 erit

205 4042 281 4092 supra
299 4034 325 4078 et
343 4042 367 4090 p.
379 4031 419 4076 27.
437 4029 469 4076 67
490 4029 588 4091 aliquot
605 4042 639 4078 ex
656 4029 688 4078 iis
700 4030 863 4093 indigitasse3
881 4047 931 4095 quo
944 4014 1076 4096 addimus,
1093 4032 1163 4098 qnod
1182 4043 1307 4094 nusquam

204 4113 268 4162 Nini
291 4113 384 4162 rudera
405 4129 471 4164 nunc
488 4121 593 4178 possent
610 4115 728 4178 reperiri,
752 4115 812 4164 inde
834 4118 945 4167 maxime
968 4119 1078 4179 probare
1101 4135 1124 4168 5.
1143 4118 1213 4180 dum,
1238 4116 1307 4182 quod

205 4196 307 4247 Nahum
326 4204 352 4248 et
368 4197 500 4262 Zephunia
515 4199 718 4264 praedixissent,
735 4201 823 4252 urbem
841 4195 957 4252 funditus
974 4202 1031 4253 1515
1049 4204 1178 4254 eversam!
