2954 4784
203 229 274 301 118
591 231 664 291 cir.
678 231 740 306 111,
758 251 788 290 v.
803 235 914 290 14-19.

200 426 295 496 perat.
313 415 413 476 femin.
432 415 471 474 ad
488 414 616 489 Ninum,
633 416 677 474 uti
693 414 844 492 plerisque
861 433 908 474 vr.
924 413 990 487 dd.,
1007 421 1168 489 praeeunte
1184 413 1303 476 Hrnso·

200 534 304 592 ursle,
322 517 418 578 visum
436 524 498 588 est;
515 535 611 592 neque
627 535 698 574 vero
710 515 873 574 inauditum
883 515 943 574 tale
956 514 1028 591 qnid
1041 515 1121 591 apud
1133 513 1303 575 Nahumum

201 628 262 692 est,
287 626 377 695 atquc
394 637 410 676 e
427 616 537 675 crebris
554 635 693 692 generum
710 616 841 688 vicibus,
867 634 942 691 quas
966 615 998 673 in
1021 615 1079 674 hoc
1094 615 1236 674 vaticinio
1254 617 1304 675 de-

201 719 419 797 prehendimus,
433 716 542 793 poterit
553 717 700 794 explicari
705 739 715 788 ;
728 716 919 775 nihilominus
929 715 1139 775 assentiremus
1145 717 1302 791 Mascula,

202 820 255 896 qui
272 819 324 878 inf.
343 818 438 878 absol
458 835 524 876 cum
540 817 632 876 verbo
650 819 733 876 finito
752 817 938 876 coniunctum
956 815 1030 874 vidit
1046 816 1126 893 (Eu.
1140 816 1242 894 §.280,
1256 818 1302 895 b),

201 919 379 997 interposito
397 918 600 991 substantivo,
623 917 682 978 nisi
704 918 864 976 abhorrere
888 916 1036 976 videratur
1052 937 1071 975 a
1089 935 1225 976 sermone
1241 917 1304 975 He·

202 1021 294 1080 bruco
312 1019 456 1079 eiusmodi
472 1038 521 1077 vv.
541 1019 723 1095 segregatim
747 1035 839 1096 quare
862 1017 942 1093 apud
963 1017 1046 1075 illam
1068 1016 1239 1093 explicandi
1256 1036 1304 1076 ra-

202 1120 313 1179 tionem
329 1137 522 1178 remanemus.
541 1152 578 1162 -
595 1118 660 1177 Iam
676 1138 747 1177 vero
765 1125 993 1185 consentaneum
1015 1117 1144 1175 maxime
1169 1136 1248 1190 esse,
1272 1125 1305 1177 nt

201 1220 359 1297 proposita
387 1221 443 1278 hac
473 1219 601 1294 imagine
635 1219 821 1295 appellentur
849 1217 985 1294 Assyrii,
1014 1236 1111 1294 neque
1137 1235 1224 1290 vero,
1272 1226 1306 1277 ut

203 1320 409 1380 terracmam
433 1328 550 1380 secutus
572 1319 652 1378 haud
674 1321 768 1396 probe
790 1319 894 1378 statuit
909 1319 1088 1390 Mensurae,
1110 1317 1225 1392 ignem,
1251 1319 1305 1376 vix

204 1421 261 1480 erit
283 1421 362 1498 quod
386 1438 573 1492 moneamus3
606 1419 692 1479 sicuti
714 1421 849 1492 fuerunt,
883 1418 935 1495 qui
957 1417 1006 1476 vel
1028 1418 1059 1477 in
1082 1418 1179 1496 prima
1200 1437 1305 1478 versos

203 1529 289 1598 parre
305 1521 439 1582 lioctoris
455 1519 585 1596 imagine
602 1519 714 1580 Ninum
730 1518 813 1578 innui
831 1519 1032 1596 opinarentur.

719 1791 747 1830 v.
763 1777 803 1830 16.

252 1921 451 1997 Moltr'plicesti
467 1930 634 1980 mercatores
652 1931 713 1980 tuoe
728 1939 800 1997 prce
816 1921 902 1979 stellis
919 1921 1057 1978 coelorum
1070 1953 1106 1964 -
1119 1921 1220 1978 tinctor
1232 1923 1303 1979 diri·

202 2025 247 2098 pit
263 2031 290 2080 et
306 2024 410 2081 evolet.
436 2021 633 2081 continuatur
649 2042 677 2082 v.
697 2022 828 2080 anteced.
847 2020 1005 2097 cogitatio:
1021 2021 1093 2079 licet
1108 2040 1169 2080 non
1180 2041 1303 2080 numero

203 2123 299 2182 solum
317 2122 368 2183 sed
386 2122 599 2199 opibus-etiam
616 2131 645 2181 et
661 2123 772 2182 divitiis
782 2121 918 2218 pidearis
934 2121 1143 2197 insuperabilis
1160 2141 1240 2195 esse,
1258 2122 1304 2180 ni·

202 2223 360 2283 hilominus
376 2223 573 2282 ineluctabilis
595 2231 624 2282 te
640 2221 788 2299 percutiet
802 2223 907 2298 plaga:
931 2230 1036 2298 raptor
1060 2243 1079 2280 a
1095 2221 1225 2280 Domino
1248 2222 1304 2281 tibi

204 2325 382 2384 constitutus
399 2323 517 2399 diripit,
536 2330 565 2382 et
582 2331 754 2401 perpetrata
771 2322 949 2398 spoliatione
965 2323 1084 2396 avolat,
1102 2323 1189 2399 quasi
1206 2323 1305 2401 quoti-

204 2423 324 2482 dianum
341 2423 454 2501 aliquid
470 2443 524 2482 nec
541 2423 614 2482 satis
631 2443 722 2501 grave
739 2441 774 2482 ac
790 2423 909 2482 difficile
923 2422 1051 2482 fecisset.

253 2519 328 2597 333,
353 2524 435 2583 cuius
452 2524 515 2582 rad.
540 2549 574 2576 π
593 2519 662 2598 Sur,
688 2531 880 2583 mercatorem
897 2523 1058 2600 significat,
1080 2524 1211 2583 maxime
1228 2543 1304 2597 eum,

203 2623 256 2700 qui
279 2631 508 2700 unguentorum,
532 2624 776 2700 margaritarum,
800 2624 926 2683 vestium
948 2624 1095 2700 pictarum
1119 2625 1305 2701 aliarumque

202 2719 301 2781 rerum'
322 2723 518 2799 pretiosarum
543 2725 748 2783 commercium
772 2723 848 2800 agit,
873 2725 926 2782 cfr.
951 2723 1036 2784 Cant.
1049 2724 1114 2797 III,
1132 2731 1165 2797 ὃς
1194 2725 1304 2784 Erech.

202 2823 341 2897 XXVII,
367 2827 398 2882 13
416 2825 464 2897 ff.;
492 2825 590 2901 Apoc.
608 2825 729 2898 XVIII,
749 2829 789 2883 12.
809 2829 850 2882 13.
876 2824 966 2883 LXX
988 2844 1050 2883 non
1072 2825 1146 2884 satis
1169 2833 1307 2884 accurate

203 2911 397 3005 ἕπλήθυνας
416 2916 478 2995 τὰς
499 2917 664 3006 ἐμπορίας
692 2942 769 2999 σου,
783 2925 919 2984 Hrnaou.
932 2924 1149 3002 negotiationes
1162 2934 1239 2998 tuas,
1253 2925 1306 3002 qui

203 3033 301 3085 tamen
319 3023 457 3100 apposite
474 3025 603 3096 monuit,
623 3041 716 3084 133333
729 3044 789 3083 non
802 3033 915 3084 tanturn
929 3043 994 3084 esse
1006 3025 1138 3099 „multos
1152 3025 1305 3085 habuisti“

203 3125 254 3186 sed
272 3126 404 3197 „multos
421 3125 533 3197 fecisti,
552 3121 650 3184 studio
668 3133 697 3184 et
713 3124 827 3185 artibus
844 3125 1074 3200 amplificasti;“
1098 3127 1171 3186 satis
1189 3126 1267 3184 enim
1285 3145 1304 3184 a

200 3224 305 3300 primis
321 3225 389 3284 inde
406 3225 588 3300 temporibus
604 3225 811 3286 intellexerant
827 3225 962 3302 Assyrii,
988 3226 1020 3283 in
1039 3227 1214 3285 commercio
1231 3245 1304 3303 pro-

201 3332 268 3401 pter
285 3324 537 3400 opportunitatem
561 3325 639 3386 sedis
665 3345 736 3386 suae
756 3326 918 3384 maximum
935 3325 1086 3402 potentiae
1109 3327 1241 3403 positum
1256 3327 1304 3385 in·

202 3432 381 3482 crementum
406 3444 479 3484 esse.
498 3457 535 3468 -
552 3423 663 3484 Stellae
686 3427 834 3486 coelorum
858 3445 947 3502 saepe
968 3427 1000 3484 in
1017 3427 1047 3484 ll.
1067 3445 1106 3486 ss.
1132 3429 1243 3487 abeunt
1271 3427 1303 3486 in

201 3525 422 3585 similitudinem
449 3525 618 3584 innumerae
648 3525 843 3586 multitudinis
867 3525 942 3586 Gen.
966 3527 1037 3599 XV,
1060 3529 1086 3586 5.
1118 3528 1228 3602 XXII,
1256 3533 1287 3587 17
1294 3549 1303 3600 3

200 3626 323 3699 XXVI,
337 3631 370 3698 43
387 3627 446 3684 Ex.
457 3626 601 3700 XXXII,
617 3630 665 3698 133
683 3627 771 3686 Deut.
783 3627 816 3700 I,
831 3633 864 3685 10
880 3627 946 3698 all.;
964 3627 1114 3704 singulare
1131 3635 1177 3688 est
1194 3638 1302 3702 antem,

201 3727 283 3804 quod
299 3736 477 3788 mercatores
490 3728 632 3786 excedere
649 3727 786 3787 dicuntur
800 3747 952 3786 numerum
966 3746 1083 3800 earum,
1104 3728 1163 3787 'utri
1178 3744 1303 3802 3333313,

201 3845 267 3888 cum
290 3828 422 3905 alioquin
443 3829 559 3904 legatur
588 3843 618 3917 3.
650 3828 716 3886 Iam
735 3847 806 3887 vero
823 3829 890 3887 intt.
907 3828 996 3904 longe
1012 3829 1131 3904 plurimi
1147 3829 1303 3906 aproprIo

199 3937 397 3988 mercatorum
422 3947 511 3988 sensu
538 3929 750 4002 dIecesserunt,
774 3929 841 3988 ideo
866 3928 1007 4002 forsitan,
1032 3930 1112 4004 quod
1135 3930 1304 3988 commercii

199 4028 341 4088 laudandi
352 4029 466 4088 nullum
482 4029 530 4087 hic
545 4028 644 4087 locum
661 4049 726 4090 esse
743 4030 944 4107 opinarentur.
979 4032 1009 4109 l)
1027 4027 1139 4102 Canu,
1158 4029 1302 4103 Getarum,

201 4127 375 4201 Sauream,
400 4127 529 4202 Grave,
552 4129 676 4193 Kanna,
700 4131 897 4190 mercenarios
920 4138 1036 4207 emptos
1054 4138 1083 4190 et
1101 4131 1199 4190 socios
1216 4131 1303 4190 intel-

199 4229 352 4300 lexerunt3
374 4228 516 4306 equibus
533 4229 755 4306 messurus,
773 4251 839 4292 curn
856 4232 916 4292 tale
932 4230 1004 4309 quid
1020 4249 1087 4290 cum
1104 4231 1202 4292 forma
1217 4227 1303 4292 ¹verbi
