2954 4784
180 173 225 241 76
543 221 545 227 -
586 178 720 252 (lamll,
740 197 767 235 v.
782 174 876 235 9-11.

176 359 256 432 illas,
269 360 308 418 ad
322 379 396 436 quas
413 379 509 437 aquae
526 363 759 435 transferuntur,
778 358 999 432 similitudines,
1017 360 1160 419 contineri
1178 380 1280 421 omnes

178 461 357 538 cogitatione
375 461 474 520 vitae
491 463 638 534 ostendit3
663 471 708 522 ost
724 480 794 521 vero
812 461 875 521 vita
891 459 1051 545 secundum
1067 462 1198 538 gentium
1214 462 1279 520 illa-

178 580 244 619 rum
267 579 302 620 ao
317 560 521 621 Israelitarum
539 563 712 640 praesertim
735 562 992 622 sententiam'non
1009 581 1090 620 mera
1111 562 1279 636 existentia,

179 662 231 720 sed
255 681 291 719 ea
307 662 384 735 vita,
410 681 487 739 quae
505 683 574 722 vere
591 664 738 722 nominari
764 663 825 721 vita
855 661 941 721 unice
971 662 1072 734 debet,
1103 661 1229 722 felicitas
1251 671 1281 720 et

180 761 332 821 beatitudo
355 770 385 820 et
406 763 486 823 salus
492 785 501 836 3
528 784 604 841 quae
627 784 692 823 cum
713 763 837 840 eogitari
859 763 923 822 sine
943 762 1126 838 plenitudine
1148 771 1178 821 et
1194 764 1281 840 copia

179 869 321 940 nequeat,
353 863 528 923 transfertur
550 884 630 941 aqua
652 865 799 923 interdum
820 865 859 923 ad
884 863 1104 924 similitudinem
1127 862 1280 937 ubertatis,

179 981 241 1022 non
258 963 369 1022 omisso
393 972 490 1023 tamen
512 965 662 1025 felicitatis
684 985 750 1024 cum
775 985 810 1024 ea
833 964 1006 1024 coniunctae
1028 972 1178 1040 respectu3
1202 973 1281 1023 recte

178 1063 270 1140 igitur
281 1062 581 1125 Hunesrnnannorus
596 1065 891 1143 adsp00.xv11,r.
907 1067 938 1122 15
951 1072 1057 1140 stagno
1076 1064 1138 1124 sive
1150 1064 1281 1140 piscinae

180 1183 324 1240 aquarum
348 1167 516 1241 comparari
532 1165 643 1226 Ninum
661 1167 747 1226 docet
769 1168 807 1226 ob
831 1165 986 1224 commoda
1009 1184 1085 1242 quae
1107 1184 1145 1222 ox
1169 1164 1281 1241 ingenti

180 1263 330 1322 homiuum
343 1266 482 1324 confluxu
494 1268 715 1341 redundabant,
732 1287 797 1325 cum
810 1265 979 1325 diritiarum
992 1265 1121 1324 ubertati
1138 1286 1165 1324 v.
1179 1269 1211 1323 10
1227 1285 1281 1342 op-

181 1373 311 1442 ponatur
328 1366 476 1442 spoliatio.
508 1367 570 1427 cfr.
588 1369 691 1426 Ierem.
702 1367 754 1440 LI,
769 1371 816 1426 13:
834 1385 940 1443 „quae
956 1366 1074 1425 habitas
1091 1367 1171 1442 apud
1187 1386 1281 1444 aquas

182 1465 308 1539 multas,
322 1475 361 1525 ¹et
383 1467 466 1526 dives
487 1487 518 1527 es
539 1469 724 1542 thesauris“,
742 1469 792 1527 all.
824 1468 935 1526 Parum
952 1485 1023 1544 ergo
1040 1466 1177 1526 viderunt
1192 1467 1281 1526 inter-

181 1575 279 1642 pretes
296 1566 385 1644 longe
396 1568 530 1643 plurimi,
548 1588 614 1628 oum
631 1569 726 1630 solam
743 1568 938 1627 multitudinis
954 1567 1116 1625 incolarum
1134 1566 1281 1644 significa·

181 1667 292 1726 tionem
313 1667 494 1742 acciperent3
518 1669 612 1730 satius
628 1670 744 1744 Tuam,
768 1669 930 1728 Ksnmsxx
950 1667 1167 1726 multitudinem
1191 1688 1281 1744 opum

183 1775 220 1826 et
236 1767 344 1826 civium
360 1767 585 1842 intellexerunt3
602 1770 779 1847 proponitur
795 1771 874 1829 enim
890 1787 1023 1830 summae
1034 1763 1185 1844 potentiae
1200 1768 1282 1830 illius

181 1876 212 1927 et
228 1867 395 1926 divitiarum
420 1877 450 1928 et
466 1871 594 1930 cuiusvis
611 1871 727 1948 generis
751 1890 841 1947 opum
865 1871 980 1946 imago,
1015 1889 1092 1947 quae
1113 1869 1225 1946 ingenti
1242 1871 1281 1928 ci-

182 1968 263 2026 vium
275 1987 397 2028 numero
409 1970 441 2028 in
453 1971 674 2040 mediumillum
685 1971 783 2030 locum
796 1972 1030 2030 conferebantur.
1058 1968 1117 2044 Qui
1127 1971 1281 2047 proprium

182 2087 300 2129 sensum
317 2070 442 2130 retinere
459 2073 591 2146 student,
613 2073 740 2149 repetita
756 2073 818 2131 fere
838 2070 1039 2130 inundationis
1056 2070 1197 2129 memoria
1213 2092 1241 2130 v.
1254 2077 1281 2147 7,

182 2170 242 2229 vim
258 2169 366 2229 inferre
381 2173 480 2233 verbis
498 2174 619 2246 debent,
642 2173 733 2231 veluti
749 2173 954 2233 Kannnmuus
970 2171 1067 2248 legere
1089 2172 1193 2230 suadet
1212 2187 1283 2256 *quq

173 2253 249 2348 ’κἠ,
262 2271 474 2347 reduplicatum
484 2274 609 2350 pluralis
621 2275 748 2332 formam
761 2273 813 2332 cfr.
827 2273 896 2331 ij
907 2273 931 2350 ξ.
940 2276 1000 2345 213,
1007 2292 1032 2345 e,
1052 2271 1280 2331 secutusLXX:

182 2357 228 2441 ὡς
249 2361 470 2456 κολυμβήθρα
492 2365 614 2446 ὓδατος
633 2366 676 2434 τὰ
696 2365 801 2434 {tuam
824 2361 935 2454 αὐτῆς.
973 2371 1075 2430 Lectio
1099 2374 1282 2432 Masoretha-

66 2475 72 2485 “
180 2489 246 2528 rum
263 2473 438 2532 auctoritate
455 2477 649 2551 comprobata
666 2492 721 2554 resq
752 2489 838 2552 aquo,
856 2472 926 2531 lieet
939 2472 1048 2532 habeat
1064 2472 1212 2550 singulare
1228 2474 1282 2532 ali-

182 2569 268 2648 quid,
286 2570 373 2631 facile
389 2584 486 2633 tamen
505 2576 671 2651 explicatur
688 2583 829 2654 tanquam
846 2573 968 2650 genitivi
986 2574 1132 2651 quaedam
1147 2573 1282 2651 reliquia,

182 2671 235 2728 cfr.
260 2669 393 2732 Gnsnurr
415 2675 561 2752 Lehrgeb.
585 2677 611 2754 §.
629 2677 724 2750 57,b,
749 2697 779 2753 p.
793 2679 859 2746 203,
888 2675 974 2752 quasi
997 2690 1052 2734 ron
1076 2682 1154 2734 esset
1175 2694 1282 2734 nomen

180 2771 350 2847 proprium3
374 2775 426 2834 cfr.
444 2777 501 2835 les.
515 2777 636 2848 XVIII,
655 2781 685 2835 2:
714 2791 823 2852 rumpo
845 2793 916 2842 autu
939 2790 984 2838 nu
1009 2775 1183 2848 „horrenda
1199 2794 1282 2852 gens,

182 2891 222 2930 ex
243 2891 304 2949 quo
321 2875 373 2935 illa
390 2882 464 2936 est“
498 2875 624 2937 Sensum
645 2877 732 2938 huius
748 2886 837 2936 notae
854 2875 995 2953 temporis
1012 2875 1189 2951 perstrinxit
1205 2875 1283 2935 (isn-

180 2990 289 3047 vrrrUS,
315 2996 381 3036 enm
402 2985 535 3036 moneret
557 2978 733 3057 antiquitate
756 2986 785 3036 et
807 2978 898 3035 robur
921 2985 950 3035 et
966 2976 1172 3036 auctoritatem
1189 2987 1281 3054 reguo

181 3074 333 3136 conciliari
343 3078 361 3137 ¹.

230 3177 273 3235 At
290 3188 387 3239 cessat
403 3179 533 3238 celeriter
550 3180 647 3256 gloria
664 3182 710 3240 vel
729 3188 812 3240 tanta
829 3186 975 3238 vetustate
992 3177 1154 3237 sublevata.
1197 3193 1279 3245 utam

180 3292 267 3356 nro),
281 3289 308 3336 et
323 3281 390 3338 illue
399 3282 555 3355 Jitpe'eutce,
574 3280 626 3339 cfr.
649 3282 706 3340 Ier.
720 3281 868 3354 XLVIII,
885 3281 936 3350 453
959 3278 1011 3337 Pe.
1035 3277 1115 3352 clv,
1134 3283 1164 3351 7,
1184 3297 1281 3356 aquae

180 3379 317 3438 nimirum
333 3380 419 3453 illae,
443 3388 476 3438 ut
498 3400 589 3456 supra
611 3381 742 3440 diffluxit
766 3381 918 3458 palatium.
945 3377 1007 3438 cfr.
1026 3379 1102 3437 Hos.
1120 3378 1213 3452 XIII,
1232 3384 1280 3438 15:

182 3467 370 3553 „exsiccatur
386 3481 454 3542 fons
472 3481 549 3554 eius,
569 3481 666 3540 deficit
683 3483 779 3540 amnis
798 3482 879 3554 eius,
898 3479 1010 3555 spoliat
1023 3478 1147 3556 (hostis)
1164 3481 1281 3540 thesau-

180 3600 261 3653 rum,
286 3582 385 3640 omnia
408 3601 481 3642 vasa
503 3581 676 3658 pretiosa;“
701 3581 864 3654 Ierem'L,
882 3563 925 3640 at.
942 3583 992 3638 38:
1017 3579 1169 3654 „gladium
1193 3600 1282 3657 super

181 3682 336 3743 thesauros
353 3702 455 3742 eorum
473 3692 502 3740 et
519 3682 711 3759 diripiuntur3
735 3682 853 3742 siccitas
878 3698 967 3757 super
991 3699 1086 3757 aquas
1111 3699 1227 3754 eorum,
1253 3689 1283 3740 et

232 3877 258 3938 1)
275 3877 459 3926 Horumrmus
482 3889 534 3924 non
552 3874 715 3939 femininum,
738 3875 784 3926 sed
805 3875 946 3926 neutralem
965 3889 988 3922 v.
1007 3889 1062 3932 ,ψη
1081 3873 1167 3922 valere
1179 3887 1282 3923 sensum

181 3962 312 4025 opinatur,
336 3967 412 4023 atque
435 3959 500 4008 adeo
517 3959 637 4008 idoneam
655 3962 837 4010 sententiamm
855 3961 981 4009 rationem
998 3956 1074 4020 plane
1091 3958 1171 4007 tollit:
1198 3959 1281 4022 ,quic-

180 4046 242 4108 quid
258 4046 336 4094 modo
353 4045 386 4094 de
402 4045 551 4094 imminente
568 4043 676 4094 Ninives
700 4046 771 4096 clade
794 4047 941 4096 nunciatum
965 4049 1003 4093 est
1021 4079 1087 4092 ....
1106 4058 1158 4092 uon
1184 4057 1200 4092 a
1223 4057 1281 4092 oon·

180 4129 235 4178 dita
251 4129 314 4178 urbe
331 4129 376 4180 sod
396 4143 412 4178 a
429 4129 514 4177 diruta
530 4130 738 4180 numerandum.“
766 4131 849 4194 Aquis
861 4130 929 4180 enim
941 4143 993 4178 non
1005 4125 1153 4177 felicitatem
1172 4125 1217 4177 sed
1235 4127 1281 4175 mi-

180 4215 273 4265 seriam
291 4214 399 4264 indicari
416 4214 553 4292 existimat.
