2954 4808
487 233 512 308 ).
532 238 557 292 5.
583 233 632 292 ΒΕ
651 254 747 298 nesus
765 239 977 299 Assrsrosun.
1225 255 1281 296 nm
1374 315 1379 326 ι

173 417 204 467 et
221 410 359 472 fortiores
378 413 596 490 sublegerent¹.
625 418 707 494 Quas
725 430 804 480 artes
822 420 938 498 egregie
955 421 1131 496 perstrinxit
1148 420 1277 494 Hosess‚

174 528 240 567 oum
258 512 451 588 Assyriorum
469 535 565 592 regem
584 520 749 594 appellaret
771 536 821 580 :ut
844 515 919 595 tilio,
943 540 996 578 rex
1016 519 1278 594 „ultercsbitur.“²

174 609 271 684 Quam
289 620 386 670 autem
403 615 514 688 perfide
531 626 560 676 ct
578 619 725 680 malitiose
742 619 855 696 egerint
872 639 942 698 erga
959 621 1105 696 populos,
1129 640 1193 678 cum
1211 622 1276 696 qui-

172 711 228 768 bus
246 713 503 788 conflictaverunt,
522 719 595 778 sutis
613 738 760 797 superque
778 720 894 794 experti
912 729 981 780 sunt
997 721 1099 778 Iudaei
1117 741 1136 780 s
1152 720 1274 796 Tiglsth

172 809 304 868 Pilesere
328 813 517 892 maximeque
543 839 562 876 a
585 817 779 878 Ssnlreriboi.
819 821 859 878 lit
884 821 1008 880 simulac
1030 822 1132 882 hostes
1156 821 1274 896 aliquos

172 921 403 986 superaverunt,
428 923 488 974 tum
512 919 550 976 ad
573 920 800 979 internecionem
819 939 912 998 usque
929 940 995 978 cunr
1011 920 1133 980 immani
1150 920 1273 978 crudeli·

171 1018 232 1068 tate
249 1029 300 1070 eos
318 1015 555 1091 excruciabunt⁴,
585 1039 644 1096 quo
669 1020 699 1078 in
721 1039 829 1098 genere
844 1021 924 1085 houd
941 1039 1010 1080 rsro
1034 1021 1201 1080 universum
1218 1039 1272 1096 po·

169 1109 271 1185 pulum
294 1111 324 1168 in
346 1113 421 1174 alius
444 1117 629 1177 deduxerunt
653 1121 805 1198 regiones,
838 1139 875 1178 ne
906 1140 1045 1198 umquam
1069 1121 1131 1182 suis
1155 1120 1271 1196 legibus

169 1211 269 1269 vivere
286 1231 323 1270 ne
340 1216 440 1272 conari
457 1218 575 1294 quidem
591 1228 716 1294 possent
726 1219 744 1278 ⁵.

220 1309 305 1384 Quae
325 1315 433 1389 agendi
454 1318 531 1376 ratio
549 1328 733 1397 quantopere
754 1319 793 1380 sd
817 1337 938 1378 munera
960 1338 980 1376 u
1006 1320 1061 1378 deo
1084 1320 1122 1379 iis
1139 1319 1271 1378 iniuncta

168 1410 357 1486 pertinuerit,
376 1414 484 1476 clarius
497 1419 586 1478 etiarn
600 1420 789 1498 intelligitur,
803 1419 854 1478 ubi
868 1428 1077 1496 comparentur
1090 1438 1154 1478 oum
1169 1421 1270 1495 Aegy·

167 1510 249 1585 ptiis.
274 1512 332 1570 Est
353 1513 429 1574 enim
448 1517 606 1594 singularis
629 1521 789 1580 necessitas
815 1520 960 1596 quaedam
982 1526 1073 1596 utque
1097 1519 1286 1600 similitudo,

168 1631 244 1688 quse
260 1611 414 1672 intercedit
429 1616 506 1676 inter
523 1639 587 1678 eam
601 1621 762 1694 rationem,
782 1639 842 1697 qua
854 1619 1008 1679 Israelitse
1021 1637 1087 1678 cum
1100 1619 1268 1696 Aegyptiis,

168 1719 197 1769 et
214 1731 274 1788 qua
291 1731 356 1770 cum
375 1715 510 1792 Assyriis
528 1721 761 1782 continebantur.
789 1722 836 1779 Ao
852 1720 889 1778 de
906 1719 965 1779 situ
982 1719 1099 1796 quidem
1118 1727 1147 1778 et
1163 1726 1269 1778 notura

168 1812 225 1870 hoc
242 1813 370 1888 primum
388 1834 555 1893 monemus,
574 1822 655 1898 quod
674 1821 815 1898 propriae
831 1821 985 1898 utriusque
1001 1814 1084 1897 regni
1098 1820 1182 1880 sedes
1199 1837 1268 1878 con-

166 1912 258 1971 valles
276 1915 416 1973 tenebant
432 1917 492 1977 lete
507 1929 658 1996 patentes,
682 1922 806 1982 modicis
830 1921 981 1980 montibus
1004 1919 1134 1980 inclusas
1159 1928 1189 1978 et
1205 1938 1267 1978 mu·

165 2012 232 2087 gnis
254 2014 422 2100 fluminibus
445 2037 587 2080 oceanum
603 2024 770 2097 petentibus
792 2022 950 2099 irrigatas,
974 2038 1051 2095 quae
1075 2020 1113 2078 ati
1137 2019 1267 2076 indolem

166 2132 267 2172 eorum
286 2121 315 2172 et
331 2115 394 2175 fata
411 2137 591 2196 magnopere
606 2124 811 2198 pertinebant3
834 2128 894 2179 tum
918 2138 989 2178 vero
1013 2128 1092 2177 terra
1116 2136 1201 2177 soors
1224 2118 1267 2179 ita

166 2213 243 2270 inter
260 2223 416 2293 utrumque
432 2219 548 2280 iaccbat
564 2222 733 2303 interiectu,
757 2229 790 2280 ut
813 2220 941 2279 faucium
960 2218 1179 2295 quodammodo
1195 2233 1267 2294 por-

167 2322 322 2390 tarumque
339 2326 453 2391 gereret
470 2321 563 2394 vices3
582 2341 658 2398 quas
676 2324 727 2398 qui
745 2321 876 2393 tenebat,
904 2339 963 2378 non
980 2320 1077 2378 solum
1093 2319 1178 2378 firmo
1196 2335 1266 2393 pro·

121 2435 123 2438 ·
164 2415 332 2490 pugnaculo
345 2436 445 2476 verum
463 2421 551 2480 etism
568 2424 753 2498 receptaculo
771 2421 845 2482 satis
862 2428 927 2478 tuto
941 2418 1266 2479 videbaturiustruotus

164 2514 262 2588 esse⁶,
280 2515 311 2572 id
334 2519 416 2593 quod
433 2517 590 2580 Sanheribi
612 2523 787 2599 praesertim
812 2530 945 2596 tempore
967 2520 1031 2578 luce
1048 2518 1156 2578 clarius
1172 2536 1265 2594 apps-

164 2615 233 2673 ruit.
259 2614 346 2674 Unde
371 2621 561 2694 repetendum
586 2630 648 2695 est,
672 2624 770 2701 quod,
795 2641 833 2680 ex
857 2639 916 2698 quo
933 2619 1077 2696 Aegyptii
1099 2625 1129 2676 ei
1144 2617 1265 2694 ASSYffi

163 2724 265 2774 mutua
283 2717 359 2774 inter
376 2737 408 2777 se
428 2723 603 2781 commercia
620 2731 650 2782 et
667 2722 906 2784 consuetudinem
930 2721 1051 2798 iungere
1077 2725 1237 2796 coeperunt
1244 2715 1263 2790 ¹,

214 2909 239 2972 1)
256 2909 309 2960 cfr.
328 2911 454 2961 Movsnsrr
471 2913 627 2964 Phoenicior
644 2916 683 2978 11,
703 2929 732 2978 s,
749 2932 773 2980 p.
786 2915 844 2964 378.

213 2995 239 3058 2)
257 2996 309 3046 Cir·
330 2997 393 3046 Hos·
412 2997 445 3058 V,
464 2999 504 3046 13.
522 2999 562 3060 X,
581 3000 605 3050 6.
640 2999 681 3048 De
698 2998 747 3048 hac
764 3011 825 3048 voce
843 2997 904 3045 sctis
922 2993 1040 3046 diverses
1062 3007 1103 3042 vv.
1121 2990 1164 3040 dd
1187 2991 1264 3040 exsti-

162 3087 248 3130 terunt
266 3082 415 3130 sententiae.
451 3081 522 3135 Certi
539 3082 669 3132 cuiusdam
688 3080 755 3146 regis
772 3094 880 3140 nomen,
897 3079 968 3128 cuius
986 3077 1084 3126 nullum
1099 3087 1207 3136 usquam
1223 3087 1263 3124 rc·

161 3165 258 3228 peritur
274 3166 423 3230 vestigium,
448 3167 487 3214 vel
504 3166 563 3218 ideo
582 3181 638 3216 csse
655 3167 757 3228 nequit,
780 3165 849 3226 quod
871 3162 993 3213 articulus
1011 3161 1100 3212 deesse
1117 3175 1170 3210 nou
1187 3158 1264 3208 debe-

161 3257 214 3312 ret,
228 3249 296 3310 quod
308 3249 460 3314 iampridem
468 3250 579 3300 Rnscsro
593 3250 900 3314 exprobravitLrvstsus3
918 3261 965 3298 uec
981 3245 1072 3296 melius
1086 3260 1132 3310 pro
1145 3243 1264 3296 adiectivi

160 3335 245 3386 forms
260 3333 403 3382 habuerunt
420 3331 509 3395 Smne,
527 3335 640 3396 Aounn,
657 3335 780 3396 lusson,
798 3335 958 3393 'fossorium
976 3327 1098 3392 ἔνδικος,
1118 3327 1213 3380 vindex
1230 3334 1262 3376 ct.

161 3418 317 3483 Simpliciter
334 3419 475 3482 explicatur
492 3425 615 3480 tanquam
627 3419 709 3468 ultera
726 3420 822 3483 species
834 3419 912 3468 futuri
930 3431 953 3466 s.
967 3431 992 3466 v.
1010 3423 1075 3474 atu,
1104 3413 1182 3462 stetui
1203 3426 1263 3462 con·

160 3509 255 3552 structo
272 3519 297 3551 v.
326 3489 385 3569 ¹:1th
417 3503 547 3566 apposita,
560 3515 611 3563 que
623 3503 724 3567 Assyrii
735 3504 803 3568 regis
814 3502 915 3552 indoles
926 3498 1091 3564 exprimetur.
1108 3496 1153 3546 cir.
1167 3494 1261 3545 Gsssn.

160 3587 224 3636 thes.
246 3586 355 3638 Snrsonn
372 3601 463 3636 comm.
482 3600 505 3634 a.
517 3587 542 3636 h.
556 3587 587 3648 l.;
611 3599 694 3648 neque
717 3601 780 3638 vero
803 3585 940 3638 statuenda
961 3589 1000 3634 est
1017 3579 1169 3644 significatio
1187 3577 1261 3626 dimi-

159 3671 248 3733 candi,
266 3685 353 3720 vemm
372 3671 526 3732 altercandi,
544 3670 660 3731 rixandi,
677 3683 742 3730 quus
759 3671 836 3734 longe
851 3667 1019 3719 usitatissimo
1036 3668 1090 3724 est,
1108 3662 1152 3712 cfr.
1167 3660 1260 3712 orsis.

159 3757 224 3805 thes.
241 3770 264 3805 a.
277 3755 302 3802 h.
314 3771 338 3804 v.

212 3837 238 3900 3)
256 3839 309 3889 cfr.
329 3837 438 3889 Cissim
456 3855 506 3903 syr.
527 3839 597 3904 ephr.
616 3839 696 3902 Krieg
713 3854 738 3902 p.
751 3836 792 3888 69.

210 3923 236 3985 4)
255 3923 308 3974 Cir.
326 3924 393 3973 intro
410 3940 434 3987 p.
449 3925 505 3974 129.

210 4007 456 4072 5)Olr.psg.107,
476 4007 509 4056 sd
528 4006 583 4066 111,
603 4007 641 4055 10.

209 4091 234 4151 6)
252 4092 305 4142 Otr.
323 4090 476 4142 Scutosssur
493 4086 780 4140 Universslhistorische
798 4081 949 4136 Uebcrsicht
966 4083 993 4143 I,
1011 4099 1034 4146 p.
1049 4083 1107 4132 213.
1137 4083 1260 4134 Hsnesrs.

157 4175 256 4226 Bilesm
274 4193 298 4241 p.
311 4177 368 4226 261.
394 4174 498 4225 Srnsmr
516 4172 589 4224 Genu
607 4189 632 4237 p.
645 4172 701 4222 190.
721 4170 777 4220 191.

210 4259 235 4320 7)
252 4258 385 4310 Eiusmodi
403 4257 593 4310 consuetudinis
616 4256 726 4318 vestigia
749 4253 859 4304 maxime
876 4250 1012 4302 1111111111θ
1031 4257 1057 4300 ct
1072 4248 1195 4300 111111(Ιειθ
1214 4249 1258 4310 dy·
