2954 4808
466 193 493 271 §2
511 199 537 252 4.
563 189 615 252 Da
632 207 821 254 oonnrrroun
838 193 1035 254 Icomoann.
1210 209 1300 256 xxvn

192 399 211 436 a
235 371 305 437 oar.
330 377 447 438 videtur
470 377 613 437 accidisse
623 377 640 435 ¹.
665 409 701 420 -
727 375 778 437 Sic
801 377 941 438 Manasse
958 375 1008 436 'ab
1029 375 1299 458 iisdem'Assyriis

192 486 296 556 captus
313 488 373 552 est,
392 499 412 538 a
429 479 537 557 quibus
553 473 680 536 Hiakias
698 485 784 553 pater
800 486 861 536 tam
879 477 1032 554 splendide
1053 479 1196 540 liberatus
1214 489 1296 554 erat3

191 579 295 640 iisdem
319 581 397 638 enim
419 576 548 657 peccatis
574 579 786 637 contumaciter
809 595 875 638 sese
898 575 1033 652 dederat,
1066 581 1211 660 aquibus
1234 581 1297 653 ille,

192 688 335 757 quantum
353 681 481 754 valeret,
500 695 623 756 regnum
639 679 787 739 lustravit.

241 779 429 858 Necopinata
444 781 501 840 hac
518 779 685 840 calamitate
700 779 803 838 Iudaei
820 799 839 838 a
856 799 971 840 summo
993 777 1126 840 insaniae
1144 791 1234 860 atque
1250 783 1296 842 in·

195 879 340 940 solertiae
356 883 479 960 fastigio
500 881 533 939 in
557 889 720 939 extremam
737 879 916 940 moestitiam
934 890 1025 959 atque
1041 883 1223 944 anxietatem
1246 885 1297 943 de·

191 980 260 1039 iecti
277 991 361 1056 sunt3
386 1002 446 1042 non
469 982 549 1060 quod
573 977 674 1039 ablato
699 999 769 1059 rege
792 982 898 1058 inopes
921 983 1047 1042 fuissent
1071 983 1204 1058 consiHI,
1229 985 1298 1062 quis

191 1081 252 1140 iam
268 1083 357 1144 rebus
373 1083 499 1161 publicis
516 1082 733 1154 moderaretur,
752 1101 806 1142 nec
823 1083 903 1160 quod
921 1082 1104 1143 dilectissimi
1119 1085 1197 1144 forte
1215 1086 1298 1162 priu-

192 1182 268 1259 cipis
291 1185 410 1244 vincula
432 1191 531 1244 essent
553 1183 752 1242 commiserati
773 1217 810 1228 -
835 1181 1016 1260 flagitiorum
1047 1185 1124 1242 onim
1151 1186 1296 1262 magistro

191 1285 292 1359 potius
315 1286 410 1362 gavisi
433 1293 518 1343 erant
544 1301 633 1361 quam
656 1301 756 1360 regem
781 1303 866 1344 suum
890 1303 956 1343 cum
980 1285 1092 1360 pietate
1114 1295 1145 1344 et
1173 1286 1296 1345 caritate

192 1387 357 1460 prosecuti,
373 1386 425 1446 sed
442 1385 513 1464 quia
528 1385 592 1444 fieri
609 1403 668 1443 non
685 1385 791 1460 potuit,
811 1383 881 1462 quin
900 1385 1045 1458 timerent,
1063 1402 1188 1462 netega
1207 1395 1296 1464 capto

191 1486 330 1546 uniuersa
351 1505 424 1564 gens
447 1485 540 1546 serius
563 1486 645 1546 ocius
670 1487 708 1545 ab
726 1484 876 1564 Assyriis,
901 1483 1058 1546 Sanheribi
1080 1487 1158 1545 forte
1182 1484 1297 1547 cladem

191 1689 307 1740 Versuoh
329 1691 392 1741 uber
414 1691 457 1740 die
479 1689 595 1742 (thronik
618 1705 642 1753 p.
654 1687 838 1754 sto-atys
854 1689 986 1740 Hsnvrns.
1004 1690 1083 1752 (iiim.
1101 1691 1143 1752 11,
1161 1705 1194 1754 a,
1210 1707 1234 1757 p.
1245 1694 1296 1744 tat

192 1774 292 1836 -225)
308 1781 362 1824 tam
384 1777 525 1828 luculenter
548 1775 660 1826 refutata
681 1782 753 1837 sunt,
775 1781 804 1824 ut
826 1776 868 1826 vel
884 1775 991 1826 swan.
1010 1785 1177 1838 asseveraret,
1201 1776 1295 1830 cesa.

192 1857 238 1908 des
255 1859 289 1910 V.
307 1860 370 1911 Thr.
387 1861 445 1923 111„
463 1875 492 1922 a,
510 1877 534 1926 p.
547 1861 611 1910 att:
630 1860 834 1924 „dasEreIgniss
851 1860 922 1909 kann
940 1861 1037 1910 salnem
1055 1863 1171 1912 reinen
1189 1862 1296 1916 Gruude

191 1942 235 2005 (l)
258 1944 323 1993 nach
345 1959 391 2008 gar
414 1945 485 1994 nicht
507 1944 651 1994 bezweilelt
673 1944 807 2005 werden,“
833 1945 892 1994 licet
914 1947 1054 1995 notaverit:
1080 1947 1155 2008 ,Wer
1179 1961 1233 1996 nun
1251 1947 1294 1996 die

166 2049 169 2056 ·
191 2043 273 2091 gance
295 2031 347 2079 Art
368 2029 414 2078 des
438 2029 594 2078 Chronikers
615 2027 709 2090 kannt,
739 2029 805 2078 wird
836 2029 918 2078 hierin
943 2045 991 2078 nur
1015 2031 1057 2080 die
1081 2031 1296 2094 eigenthtimliche

192 2111 392 2176 strafgehaltene
414 2113 642 2163 halbdichtsrische
664 2113 923 2176 Darstellungsweisa
939 2112 1041 2176 finden,
1063 2115 1091 2164 in
1112 2117 1223 2166 welches
1241 2116 1295 2166 die·

191 2213 233 2246 ser
249 2198 373 2248 Ertaibler
390 2199 453 2248 sucb
476 2206 549 2248 sonst
572 2213 601 2247 so
623 2197 662 2247 olt
678 2211 734 2246 was
757 2213 785 2266 er
806 2199 834 2248 in
855 2199 952 2248 saluam
970 2195 1160 2256 Quellenbuehc
1178 2191 1296 2250 ausitibr·

191 2282 271 2332 lieher
287 2283 452 2333 bescbrisben
468 2283 539 2346 land,
556 2284 583 2332 iu
601 2282 643 2331 ein
660 2295 723 2346 paar
740 2284 885 2347 gewiirzige
896 2283 989 2332 Worte
1007 2285 1294 2349 zusammendritugtti“

191 2393 225 2404 -
242 2366 318 2416 Unde
336 2368 502 2432 repetendum
520 2370 566 2430 sit,
590 2367 657 2430 quod
676 2367 738 2417 libb.
756 2367 856 2430 Regum
879 2366 943 2416 nihil
967 2366 999 2415 de
1023 2367 1071 2416 boc
1093 2384 1154 2418 casu
1172 2369 1293 2436 babeant,

191 2460 281 2516 postea
297 2452 452 2516 videbimus;
475 2454 550 2503 nobis
573 2459 658 2501 autem
683 2468 810 2502 summum
833 2452 963 2515 quoddam
985 2452 1164 2502 documentum
1190 2469 1222 2503 ex
1240 2457 1297 2520 ipso

191 2536 304 2586 Nahumi
326 2537 392 2604 libro
418 2539 557 2600 redundat3
581 2537 620 2586 uti
642 2538 710 2586 enim
733 2552 811 2600 supra
827 2553 851 2600 p.
864 2535 961 2586 XVIII
977 2538 1082 2586 iamiam
1098 2537 1299 2601 indigitavimus,

190 2623 311 2671 universa
328 2623 443 2672 vaticinii
461 2623 527 2671 ratio
545 2629 571 2671 et
587 2623 752 2686 praesertim,
771 2621 840 2686 quod
858 2635 983 2684 nusquam
1000 2628 1105 2684 peccata
1119 2623 1206 2686 populi
1224 2637 1298 2688 argu·

192 2712 277 2768 untur,
295 2714 473 2770 tempestatem
491 2707 604 2770 aliquam
621 2707 752 2771 desIgnat,
770 2721 822 2770 qua
838 2706 928 2755 Iudaei
945 2707 1018 2768 gravi
1030 2706 1143 2769 quodam
1156 2721 1217 2757 casu
1231 2708 1298 2758 adeo

191 2788 283 2840 deiecti
299 2797 374 2840 erant
390 2805 420 2840 ac
437 2805 518 2856 paene
536 2790 680 2855 desperati,
707 2801 748 2853 ut,
772 2808 829 2842 cum
851 2806 893 2840 res
910 2793 966 2855 ipsa
983 2792 1045 2840 satis
1063 2806 1188 2855 superque
1206 2793 1298 2855 loqua-

191 2881 274 2936 retur,
296 2890 349 2925 non
366 2877 489 2924 severitas
506 2876 585 2938 legis,
607 2875 653 2924 sed
675 2877 775 2940 gratiae
797 2875 905 2926 dulcedo
929 2875 1062 2924 hominnm
1084 2876 1176 2924 animis
1192 2876 1296 2926 fortiter

192 2966 260 3009 esset
275 2960 449 3024 proponenda.
484 2961 519 3009 Et
537 2963 658 3025 quoniam
676 2961 824 3011 Nahumum
842 2975 894 3011 non
911 2975 986 3024 posse
1004 2961 1053 3008 nisi
1071 2966 1129 3022 post
1143 2959 1251 3010 Hiskiaa
1268 2969 1295 3010 et

191 3050 251 3094 ante
268 3044 353 3093 Iosiae
370 3051 469 3108 tempus
486 3046 565 3095 fuisse
584 3047 748 3095 vaticinatum
765 3045 889 3107 vidimus,
913 3044 1041 3094 eiusmodi
1064 3044 1238 3094 calamitatem
1254 3038 1294 3094 re-

191 3137 287 3194 gnante
303 3129 425 3180 Manasse
442 3131 564 3181 accidisse
582 3137 690 3195 oportet.

243 3215 269 3278 l)
285 3213 395 3274 Quando
413 3215 534 3266 Manasse
551 3217 583 3267 ab
601 3216 716 3279 Assyriis
734 3215 882 3278 deportatus
900 3214 991 3276 fuerit,
1013 3229 1137 3278 nusquam
1159 3221 1229 3266 certo
1247 3215 1293 3266 do-

191 3305 274 3362 cetnr;
292 3305 377 3364 potest
393 3305 479 3348 tamen
498 3313 530 3348 ex
547 3301 609 3364 ipsis
626 3301 653 3349 ll.
667 3315 700 3350 ss.
718 3300 798 3364 probe
815 3299 924 3350 definiri.
942 3301 1011 3351 Nam
1024 3301 1190 3364 Assyriorum
1204 3300 1293 3364 copiae

190 3385 217 3432 in
228 3384 403 3433 Palaestinam
415 3383 577 3434 descendisse
594 3385 660 3434 aliae
677 3400 729 3434 non
746 3392 854 3448 possunt
870 3387 992 3450 cogitari,
1009 3401 1086 3450 quam
1104 3400 1170 3448 quae
1188 3386 1293 3436 colonos

190 3468 249 3517 illos
260 3467 422 3517 deduxerunt
435 3475 460 3517 at
471 3469 499 3518 X
510 3471 621 3518 tribuum
632 3470 753 3533 reliquias
766 3485 852 3520 secum
864 3477 1071 3535 asportaveruut3
1083 3470 1111 3523 id
1122 3470 1193 3534 quod
1206 3483 1295 3522 secuu-

191 3552 252 3602 dum
269 3552 320 3601 Ies.
332 3553 398 3614 VII,
415 3555 433 3604 4
449 3554 544 3604 factum
562 3561 601 3603 est
617 3554 691 3603 LXV
704 3557 778 3605 annis
796 3562 854 3619 post
871 3557 981 3618 primum
990 3555 1086 3606 Acbasi
1100 3569 1209 3616 annum,
1227 3556 1292 3616 742;

191 3638 259 3688 unde
281 3638 430 3687 deducimur
452 3637 486 3687 ad
508 3639 627 3688 XXIIum
644 3639 774 3688 Manassis
797 3653 906 3700 mcum,
928 3654 948 3689 s
966 3639 1026 3688 676.
1064 3640 1218 3690 Assentiunt
1235 3639 1294 3690 huic

191 3723 288 3773 calculo
309 3723 463 3772 Iudaeorum
486 3723 635 3786 chronologi
658 3724 685 3800 ip
706 3724 771 3774 libro
789 3722 871 3774 seder
888 3722 978 3785 Olam‚
1001 3730 1056 3774 tum
1077 3739 1140 3774 varo
1158 3723 1296 3786 Ussttams,

190 3822 224 3856 nn
240 3808 389 3870 Vrosomus,
407 3808 524 3869 Krasos,
541 3808 775 3858 Hasssrssaancrus
793 3807 924 3869 (Christol.
934 3807 962 3868 I,
974 3807 1003 3869 b,
1016 3808 1062 3869 56,
1082 3808 1162 3858 Baitr.
1179 3809 1206 3871 1,
1225 3808 1294 3872 177),

190 3891 374 3942 Dascascaaus
392 3893 442 3943 Ias.
459 3893 487 3954 Ι,
505 3909 529 3956 p.
548 3895 611 3954 280,
628 3893 671 3942 all.
699 3891 749 3952 Qui
765 3892 797 3942 da
807 3893 895 3942 VIIm0
903 3891 1034 3942 Manassis
1052 3907 1120 3943 anno
1139 3899 1293 3959 cogitarunt,

191 3978 223 4026 iis
251 3984 319 4027 recte
346 3977 442 4028 dudum
469 3978 601 4041 respondit
623 3977 645 4026 Ι.
663 3978 697 4026 H.
716 3978 854 4027 Mrcusuts
877 3977 975 4038 (annot
1003 3977 1086 4028 uberr.
1115 3979 1148 4030 ad
1172 3982 1293 4032 2Paral.

190 4062 327 4123 XXXIII,
344 4062 401 4124 11),
425 4063 591 4126 „complures
614 4077 695 4112 annos
719 4061 883 4124 designandis
904 4069 943 4112 tot
965 4063 1121 4114 facinoribus
1149 4067 1293 4126 transiisse,

190 4148 340 4211 praesertim
358 4163 415 4198 cum
432 4147 510 4198 etiam
528 4148 623 4197 liberos
641 4161 700 4196 suos
717 4147 792 4198 idolis
801 4149 950 4198 Immolasse
965 4148 1096 4211 dicatur;“
1116 4159 1144 4202 ut
1155 4159 1293 4210 taceamus,

191 4233 313 4296 Assyrios
332 4248 362 4282 eo
381 4239 494 4296 tempore
512 4247 564 4284 uon
582 4233 696 4295 tetigisse
714 4231 893 4284 Palaestinam.
