2954 4808
545 175 572 251 ξ.
590 179 616 232 t.
642 175 692 233 Du
711 190 838 234 ouroruu
856 175 997 237 Narium.
1266 199 1311 242 vn

206 371 364 430 paenorum
387 354 589 429 appellatae¹,
612 375 689 433 quae
705 356 837 417 Traiano
854 359 1034 435 imperatore
1050 369 1157 420 exorta
1171 361 1311 438 Origenis

207 454 296 512 etiam
318 463 349 512 et
375 454 421 512 vel
438 453 607 514 Constantii
629 457 781 532 tempore³
803 469 1065 533 commemoratur,
1094 469 1199 520 auctor
1218 463 1311 522 luisse

206 552 253 611 vir
269 552 391 630 quidam
408 555 515 626 Elxai,
532 556 616 614 cuiuis
634 576 741 616 nomen
758 558 832 618 satis
849 559 968 620 diversa
984 581 1003 620 a
1012 561 1147 635 patribus
1160 562 1310 638 scripture

205 653 376 725 exhibetur3
401 653 461 725 „ab
478 655 646 731 Epiphanio
670 658 747 715 enim
771 658 853 718 varie
870 661 1039 718 nominatur
1064 647 1201 732 Ἦλξαΐ,
1229 650 1310 719 'Ht-

206 745 301 825 ξαῖος
322 763 352 812 et
364 741 599 827 Ἔλκεσσαῖος,
618 756 862 817 aTuuononuro
876 747 1039 819 Ἕλκεσαΐ
1053 768 1105 818 aut
1133 749 1309 837 ’resecat

204 874 225 912 a
240 855 412 912 Mnrnonro
433 853 465 910 in
482 855 619 914 convivio
632 845 835 932 Ἔλχασαῖος
856 860 902 916 vel
916 847 1174 933 'Elaeoo109“⁸,
1192 863 1230 920 ab
1245 863 1309 921 Au·

205 969 336 1014 nummo
353 952 435 1026 Elei,
451 973 471 1012 a
487 954 606 1014 losuua
623 956 816 1017 Duusscnno
846 945 1004 1041 'Elarjg⁴‚
1029 959 1156 1037 denique
1171 961 1202 1019 in
1219 961 1309 1036 (Hm-

257 1143 282 1205 1)
299 1143 353 1194 Gir.
371 1145 457 1196 Erus.
475 1145 546 1198 haer.
563 1148 636 1200 LlII.

255 1227 282 1289 2)
296 1229 447 1280 Erumurus
466 1231 673 1284 luculentissimis
691 1233 775 1284 verbis
797 1232 907 1294 (haeres.
925 1232 1007 1296 XIX,
1030 1233 1092 1284 edit.
1110 1233 1234 1286 Pnsnus
1252 1249 1276 1282 v.
1288 1235 1310 1296 I,

204 1329 229 1376 p.
242 1313 275 1362 39
287 1313 332 1374 ss.)
355 1313 480 1374 „Traiani
497 1321 613 1382 tempore
630 1318 707 1366 Elxei
725 1315 974 1383 pseudoprophetam
997 1316 1030 1365 ad
1048 1315 1205 1366 Osseuorum
1224 1333 1245 1366 s.
1262 1317 1310 1367 Es-

204 1411 324 1446 senorum
342 1403 451 1458 sectam,
469 1398 539 1447 cuius
558 1401 671 1450 asseclae
689 1401 716 1450 in
733 1401 888 1461 Nabataea,
912 1399 1030 1461 Ituraea,
1053 1399 1211 1461 Moabitide,
1235 1401 1309 1449 Arei-

203 1479 276 1529 litide
294 1479 453 1542 incolebant,
477 1483 614 1533 accessisse
637 1483 718 1534 tradit
742 1493 818 1549 atque
836 1483 969 1548 opiniones
994 1497 1082 1533 eorum
1100 1490 1126 1532 et
1143 1484 1310 1547 amplificasse

204 1570 232 1612 et
248 1565 437 1624 immutaviss03
460 1565 552 1616 horum
576 1575 662 1618 autem
679 1569 836 1618 dementiam
859 1569 893 1617 sd
910 1582 982 1618 auam
1008 1583 1087 1632 usque
1104 1569 1197 1617 durare
1214 1581 1310 1617 memo

203 1646 284 1710 riam,
301 1664 360 1698 cum
375 1648 527 1701 Coasnntio
545 1652 701 1716 imperatore
718 1669 821 1704 sorores
838 1653 905 1702 duae
923 1668 956 1702 ex
973 1653 1054 1704 Elxal
1069 1665 1165 1716 genere
1181 1659 1254 1702 ortae
1272 1651 1311 1700 di·

204 1732 265 1780 viuo
283 1731 382 1782 honore
399 1733 561 1796 efferrentur,
578 1736 710 1800 Marthae,
733 1752 814 1802 nuper
832 1743 935 1786 mortua
951 1737 1012 1798 illa,
1029 1746 1056 1788 et
1072 1735 1225 1796 Marthana,
1243 1749 1309 1798 quae

205 1816 282 1863 etiam
308 1821 362 1864 tum
386 1817 507 1866 viveret.“
541 1817 657 1880 Quocum
680 1835 794 1884 pugnare
816 1820 931 1882 videtur,
955 1823 1024 1884 quod
1042 1823 1167 1871 Eusnaius
1184 1819 1202 1867 l.
1215 1819 1233 1866 l.
1252 1829 1310 1882 post

205 1898 392 1960 sexagesimum
410 1898 530 1965 Origenis
548 1918 644 1952 annum
660 1905 715 1966 (cir.
733 1903 786 1964 v1,
806 1901 849 1963 36)
869 1902 935 1952 hanc
952 1902 1070 1953 haeresin
1089 1905 1216 1953 exstitisse
1234 1903 1310 1952 docet

205 1975 399 2047 (κατάρχεται),
420 1975 434 2045 ἢ
452 1986 498 2033 καὶ
517 1979 576 2048 ἅμα
595 1987 632 2051 τῷ
651 1979 787 2050 ἄρξασθαι
808 1983 921 2048 ἀπέσβη.
957 1987 994 2035 At
1011 1989 1067 2050 ipsa
1085 1985 1204 2036 Omoms
1222 1985 1310 2047 verba,

207 2080 273 2130 quae
290 2067 380 2116 landet
397 2073 424 2116 et
439 2069 508 2118 uude
525 2083 598 2118 suem
614 2070 648 2119 de
666 2071 717 2120 illis
735 2071 853 2120 notitiam
870 2069 997 2120 delibasse
1013 2070 1128 2132 videtur,
1147 2085 1199 2120 uon
1217 2071 1310 2119 docent

203 2157 258 2202 tum
274 2151 378 2202 demum
394 2165 439 2202 eos
456 2159 569 2210 exortos
580 2169 650 2216 essa,
672 2155 718 2204 sed
735 2169 767 2204 aa
784 2160 935 2217 tempestate
951 2153 984 2215 (o.
996 2155 1045 2204 247
1056 2169 1079 2217 p.
1092 2153 1152 2216 Cb.)
1174 2155 1309 2206 ecelesiam

202 2235 421 2298 Palaestinenecm
439 2237 601 2290 infestavisse
618 2234 763 2302 (Ἑλιῐλυθέ
779 2256 818 2295 ur
835 2235 883 2290 iul
905 2237 953 2290 soi
978 2234 1116 2304 παρόντος
1136 2239 1211 2306 μέγα
1234 2253 1308 2306 φρο-

204 2317 262 2368 νῶν
279 2315 326 2368 ἐπὶ
343 2318 393 2369 τοῦ
412 2313 554 2372 δύνασθαι
572 2319 734 2388 πρεσβεύειν
751 2315 866 2390 γνώμης
884 2319 970 2374 ἀθέου
994 2322 1040 2372 καὶ
1059 2317 1239 2387 ἀσεβεσιᾰιης
1257 2338 1309 2370 κα-

203 2401 338 2465 λουμένης
353 2397 549 2466 Ἐλκεσαὶίῶν,
576 2407 675 2456 νεωστί
696 2402 879 2470 detornatam
903 2408 960 2462 ταῖς
988 2402 1156 2470 ἐκκλησίαις·
1179 2401 1269 2468 ἐκείνη
1292 2399 1307 2466 ἦ

203 2481 301 2556 γνώμη
320 2476 365 2536 οἶα
383 2485 454 2552 λέγει
474 2481 544 2538 κακά
563 2490 639 2551 xri).
674 2489 766 2554 Neque
783 2507 843 2540 vero
861 2490 920 2540 ideo
938 2489 1008 2554 quod
1025 2491 1052 2538 in
1069 2489 1135 2539 libro
1153 2486 1223 2540 auiti
1241 2502 1309 2537 nuo.

203 2570 291 2636 eipso.
309 2570 395 2632 (quem
412 2571 457 2621 alii
475 2570 581 2636 Origeni
599 2573 727 2636 tribuunt3
744 2574 834 2622 Iaooar
851 2573 991 2636 (Dentsche
1009 2573 1222 2624 Zeitsohr.1851.
1239 2571 1308 2632 Iun.)

203 2662 230 2704 ct
246 2653 348 2704 Buusuu
364 2654 381 2703 l.
394 2655 412 2704 l.
429 2655 573 2720 Hippolyto
596 2657 813 2718 vindicaverunt),
837 2658 927 2708 ultim
950 2658 1008 2707 loco
1031 2653 1176 2708 Elcesaitee
1197 2669 1307 2706 comme·

202 2746 348 2799 morantur,
371 2753 429 2788 cum
453 2739 572 2792 haereses
591 2740 772 2804 chronologico
790 2742 880 2792 ordine
897 2743 933 2792 ibi
950 2749 1146 2804 recenseantur,
1168 2741 1308 2790 novicino

202 2826 263 2870 tuno
279 2827 383 2870 exortos
400 2822 479 2872 luisse
495 2824 628 2874 credamus
645 2824 700 2885 (cir.
714 2824 815 2874 Buusnu
826 2827 843 2875 l.
859 2827 875 2875 l.
889 2842 913 2890 p.
927 2827 984 2874 171.
1004 2824 1078 2886 176);
1096 2827 1148 2874 imo
1166 2823 1230 2872 nihil
1247 2822 1307 2872 luds

202 2911 287 2968 petet,
310 2919 387 2967 quam
411 2905 481 2968 quod
504 2907 656 2958 medionec.
675 2911 752 2957 tertio
770 2924 890 2972 magnam
907 2908 992 2956 denuo
1015 2907 1189 2957 celebritatem
1212 2907 1308 2956 inerint

201 2989 279 3037 nacti.
313 2987 383 3037 Nam
400 3003 466 3050 quac
483 2989 642 3050 Eruutnms,
659 2992 730 3040 cuius
747 2990 835 3040 bacin
852 3005 880 3039 re
899 2991 1009 3053 amplior
1026 2990 1151 3054 quaedam
1169 2990 1307 3039 auctoritas

203 3077 256 3132 est,
273 3073 394 3135 quoniam
412 3072 546 3122 mirificum
564 3074 643 3123 Elxal
660 3075 765 3136 librum,
783 3090 834 3137 quo
853 3076 987 3138 opiniones
1005 3075 1059 3122 eius
1077 3074 1210 3136 expositae
1225 3079 1307 3133 erant,

202 3157 282 3221 probe
298 3156 402 3205 videtur
418 3157 521 3205 novisse
537 3157 592 3218 (cfr.
612 3158 758 3208 Grannona.
777 3159 793 3209 1.
804 3159 822 3207 l.
840 3174 865 3222 p.
878 3159 936 3209 375.
955 3159 1005 3209 391)
1023 3157 1077 3219 all.)
1096 3179 1128 3192 -
1148 3169 1214 3218 quae
1231 3157 1309 3218 igitur

203 3239 236 3290 de
257 3239 332 3290 rebus
354 3240 540 3289 Eloesaitarum
563 3247 589 3290 et
612 3242 740 3304 dogmatis
763 3242 882 3304 tradidit,
907 3257 939 3292 es
955 3243 1091 3292 Hirsutum
1113 3240 1178 3290 libro
1201 3254 1308 3303 magno·

203 3338 263 3388 pare
287 3324 391 3373 omuino
414 3324 613 3388 comprobantur
635 3325 690 3388 (cir.
713 3327 783 3376 locos
808 3340 886 3392 supra
903 3326 1018 3390 citatos);
1042 3329 1068 3376 in
1092 3341 1143 3392 quo
1166 3323 1308 3374 notandum

202 3408 314 3467 maxime
337 3414 389 3469 est,
411 3407 480 3470 quod
503 3423 598 3458 novam
619 3417 783 3474 peccatorum
805 3413 982 3461 remissionem
1006 3412 1083 3460 tertio
1106 3409 1214 3459 Traiani
1239 3421 1307 3456 anno

201 3492 314 3541 futuram
332 3492 364 3540 ab
381 3490 502 3542 Eichasai
520 3494 678 3543 enuntiatam
697 3495 808 3544 affirmat
829 3495 884 3557 (cfr.
902 3494 974 3558 Orig.
992 3493 1135 3558 philosoph.
1152 3492 1192 3541 ed.
1210 3492 1308 3541 Munna

202 3593 228 3640 p.
240 3574 309 3636 292).
343 3575 415 3625 Haec
433 3575 466 3625 ad
490 3576 680 3627 diiudicandum
697 3578 804 3626 Eusnan
821 3579 973 3628 senteutiam
990 3577 1022 3626 de
1039 3577 1138 3640 origine
1151 3591 1238 3625 eorum
1249 3591 1308 3640 pro·

203 3661 291 3709 latam.
326 3658 383 3708 Nec
400 3673 473 3708 secus
491 3661 543 3710 alia
560 3662 606 3710 illa
621 3663 702 3711 verba
719 3667 793 3709 emut
810 3661 974 3726 explicanda:
992 3653 1009 3723 ἡ
1028 3659 1074 3708 καὶ
1094 3653 1152 3721 ἅμα
1165 3661 1201 3724 rui
1220 3656 1307 3725 ἀρξα-

203 3747 270 3793 eoas
289 3740 409 3806 ἀπέσβη,
428 3743 520 3806 quibus
537 3743 704 3807 adstipulavit
721 3744 882 3794 Nsonruonus
898 3744 958 3793 hist.
976 3744 1065 3794 ecoles.
1083 3743 1116 3804 V,
1134 3744 1182 3804 24,
1199 3759 1257 3794 cum
1274 3744 1306 3792 ab
1353 3799 1356 3804 ,

203 3828 317 3880 Onrouun
334 3827 455 3878 haeresin
471 3828 543 3876 illam
561 3828 695 3877 confestim
713 3828 867 3878 exstinetam
885 3842 941 3876 esse
959 3826 1073 3875 traderet
1088 3825 1143 3887 (cfr.
1154 3825 1245 3876 Surum
1262 3827 1271 3875 l
1289 3827 1306 3875 l.

203 3930 228 3976 p.
239 3912 296 3974 19);
321 3926 388 3975 quae
405 3910 542 3960 referenda
559 3911 677 3962 videntur
695 3926 740 3972 eo,
763 3911 833 3975 quod
850 3910 954 3960 turbare
972 3909 1092 3960 ecelesias
1110 3909 1241 3960 desierunt
1260 3924 1307 3960 neo

202 4009 359 4060 magnopere
377 4000 468 4058 postea
485 3995 658 4044 innotuerunt.

254 4079 280 4139 3)
298 4080 352 4130 Otr.
370 4079 503 4130 Cossuran
520 4094 659 4128 mouumm.
677 4080 737 4130 eccl.
756 4078 871 4130 Graecae
888 4077 915 4138 I,
934 4092 957 4140 p.
968 4077 1025 4126 775.

254 4165 281 4225 4)
299 4164 351 4214 Cir.
371 4164 475 4214 Wanon.
495 4164 512 4214 l.
524 4164 540 4214 l.
560 4180 583 4228 p.
596 4164 655 4214 590.
