2954 4784
208 237 255 309 34
621 241 694 302 Onu.
710 249 739 315 1,
758 263 785 302 v.
800 246 895 300 tall.

205 432 344 503 Annam,
368 425 539 500 Οοοοῑῐυες
563 434 610 499 at,
633 436 667 484 ut
685 425 839 500 omittam,
861 424 969 484 idoneo
992 424 1024 482 id
1046 425 1177 501 pondere
1201 443 1312 497 carere,

206 531 317 608 stipula
334 536 482 589 crematur
497 527 549 587 ubi
565 528 626 586 iam
643 545 770 588 excussa
787 535 841 586 est.

205 693 207 695 ,
254 631 381 691 Veteres
396 629 549 688 versiones
567 628 641 688 satis
665 627 696 686 in
713 629 771 686 hoc
785 645 874 687 uersu
896 627 1081 685 aberrarunt.
1123 625 1227 685 LXX:
1259 617 1312 686 ὅτι

204 725 271 804 ἕως
297 722 461 808 θεμελίου
482 715 585 788 αὐτοῦ
610 716 881 811 pependissent,
911 719 969 786 καὶ
997 715 1043 799 ὡς
1070 721 1195 804 σμῖλαξ
1214 745 1311 810 περι-

204 823 392 912 πλεκομένη
419 817 652 911 βρωθήσεται,
684 820 742 886 καὶ
775 815 821 899 ὡς
848 815 980 910 καλάμη
1006 819 1171 908 ξηρασίας
1194 817 1310 909 μεστή,

205 933 419 1008 interpretante
435 929 642 990 Hrnnonmoz
672 927 766 1007 „quia
782 947 878 1005 usque
899 927 939 986 ad
954 927 1147 986 fundamenta
1163 945 1219 986 sna
1234 929 1311 986 redi·

205 1039 312 1111 gentur
328 1033 360 1091 in
373 1049 496 1108 vepres,
515 1039 544 1089 et
561 1030 638 1090 sicut
648 1029 770 1088 volvola
782 1029 964 1088 circumdata
976 1029 1159 1101 comedetur,
1178 1036 1208 1086 et
1224 1029 1311 1106 quasi

204 1134 319 1210 stipula
340 1132 478 1192 ariditate
500 1131 632 1208 plena=“
657 1129 762 1189 Chald.
770 1127 839 1206 Syr.
862 1148 917 1206 pro
934 1131 1019 1190 usuro
1033 1129 1148 1206 'legisse
1165 1143 1246 1190 nrum
1265 1129 1309 1188 vi-

207 1225 326 1308 dentur,
344 1231 485 1292 exhibent
498 1232 574 1290 enim
587 1231 752 1308 principes,
771 1238 801 1288 et
816 1245 873 1294 'tun
883 1249 941 1306 pro
955 1245 1011 1302 7273
1029 1228 1112 1306 Syn:
1131 1237 1311 1306 „propterea

206 1335 287 1414 quod
311 1335 360 1393 vel
381 1333 531 1410 principes
553 1351 655 1391 eorum
677 1330 843 1390 retraetarii
866 1338 952 1403 sunt,
965 1346 968 1352 ’
982 1338 1011 1390 et
1034 1331 1064 1388 in
1088 1329 1232 1390 ebrietate
1252 1348 1309 1390 sua

204 1435 297 1510 ebrii,
314 1433 566 1512 comederuntque
582 1440 612 1492 et
629 1432 825 1510 impleverunt
841 1449 873 1491 se
890 1431 1003 1508 stipula
1019 1430 1134 1492 arida.“

714 1705 743 1744 v.
763 1689 804 1743 11.

253 1835 302 1893 Et
316 1845 344 1892 tc
357 1834 444 1905 abiit,
468 1836 517 1910 pici
534 1837 668 1910 capitanii
684 1853 808 1910 manum
825 1845 925 1894 eunuc
941 1835 1117 1906 Dominum,
1133 1835 1311 1893 conciliarius

202 1939 351 2016 namatius.
394 1933 463 1994 Hoc
484 1953 588 2008 versu,
618 1954 678 2012 quo
706 1936 801 1995 altera
830 1937 976 1996 clauditur
999 1937 1138 2013 stropha,
1169 1934 1309 1994 liberatio

204 2037 301 2115 gentis
320 2055 424 2096 sacrae
441 2044 471 2095 et
483 2037 644 2096 vindicatio
661 2037 699 2096 ab
713 2037 800 2096 hoste
813 2037 1086 2113 comprehenditur,
1104 2037 1215 2116 quippe
1232 2055 1310 2114 quae

203 2157 241 2197 ex
264 2138 464 2198 internecione
486 2139 550 2198 eius
573 2157 603 2197 v.
620 2141 646 2196 8.
670 2143 704 2197 10
732 2138 886 2198 confestim
914 2147 1065 2216 sequatur.
1107 2139 1151 2196 At
1176 2155 1245 2198 vero
1270 2137 1309 2196 ad

204 2247 341 2299 nostram
363 2238 536 2297 memoriam
558 2257 653 2316 nsque
675 2239 807 2298 maxima
828 2239 1020 2315 interpretum
1036 2257 1124 2315 pars,
1153 2257 1190 2297 ne
1213 2237 1309 2296 dicam

202 2359 305 2399 omnes
324 2339 349 2412 ¹,
373 2357 433 2396 non
455 2338 624 2412 Israelitas,
654 2358 757 2398 verum
779 2340 925 2417 Assyrios
953 2340 1103 2400 iaciebant
1131 2339 1308 2416 appellatos,

201 2442 262 2498 hoo
283 2441 347 2498 fere
364 2457 470 2498 sensur
497 2457 536 2498 cx
559 2447 590 2499 te
611 2440 705 2513 enim,
730 2439 856 2514 Ninive,
875 2459 1011 2518 egressus
1036 2448 1096 2514 est,
1119 2447 1190 2513 etc,
1214 2439 1259 2499 ita
1275 2448 1309 2498 ut

201 2540 312 2599 excidii
329 2547 483 2598 notaretur
500 2558 623 2614 caussa,
649 2541 832 2600 fluctuabant
848 2541 961 2614 solum,
988 2550 1105 2602 essetne
1120 2541 1306 2600 vertendum:

201 2659 240 2700 ex
258 2640 318 2700 tuis
336 2640 432 2716 portis
449 2641 600 2717 proiectus
618 2650 678 2716 est,
697 2655 755 2702 oxu
772 2657 861 2702 sensu
878 2642 980 2702 hostili
997 2641 1064 2718 (cfr.
1082 2641 1159 2718 prol.
1177 2641 1216 2700 ad
1229 2640 1306 2701 Gen.

200 2741 247 2815 X,
268 2741 329 2818 10),
348 2761 402 2799 an:
420 2759 458 2800 ex
475 2750 505 2800 te
522 2749 606 2802 ortus
623 2723 687 2802 est..
710 2741 796 2802 Unus
813 2742 1066 2817 Honestumne,
1084 2743 1165 2820 quod
1181 2742 1302 2817 scimus,

201 2861 262 2902 non
279 2841 392 2901 Ninum
411 2842 463 2902 sed
478 2842 620 2902 Israelem
644 2843 718 2902 haec
739 2851 889 2919 spectare,
912 2841 1077 2917 contendit,
1102 2852 1132 2902 et
1149 2857 1206 2904 um
1223 2861 1303 2903 esse:

200 2942 276 3002 abiit
292 2963 331 3002 ex
348 2951 395 3016 te,
419 2943 540 3021 reliquit
556 2951 600 3016 te3
622 2943 712 3022 idque
729 2944 905 3017 rectissime,
932 2952 964 3002 ut
980 2944 1069 3004 nobi's
1086 2943 1205 3021 quidem
1221 2944 1303 3003 vidc-

199 3053 257 3104 tur.
292 3043 376 3102 Licet
391 3061 537 3103 summum
560 3043 624 3104 eius
641 3054 846 3122 argumentum
867 3044 997 3121 probare
1014 3063 1209 3123 nequeamus3
1232 3065 1302 3104 nam

199 3163 266 3204 eum
288 3145 413 3204 diceret:
441 3145 617 3204 nominatim
639 3145 822 3221 interpellari
846 3165 865 3203 a
887 3152 955 3204 vate
979 3161 1069 3212 mmm
1088 3145 1133 3219 Π,
1153 3150 1166 3202 l
1190 3153 1220 3204 et
1242 3140 1302 3221 ubo

198 3259 284 3312 'cruta
309 3245 439 3318 111,1e,
463 3245 546 3304 illam
569 3245 709 3304 feminino
732 3263 862 3322 semper,
892 3245 1057 3306 masculino
1083 3247 1163 3304 hunc
1184 3245 1303 3306 exarari

199 3363 307 3422 genere
328 3377 365 3388 —
387 3363 423 3404 ea
445 3346 533 3422 quasi
554 3329 657 3423 regula
678 3366 739 3405 uno
762 3347 815 3404 illo
836 3346 1008 3423 infringitur
1024 3361 1128 3422 nontam
1151 3367 1180 3406 v.
1194 3351 1225 3419 8;
1248 3365 1303 3406 nec

198 3445 359 3505 verisimile
376 3453 437 3518 est,
455 3447 625 3524 ubicunqne
641 3447 810 3523 appelletur
826 3447 986 3524 Assyrius,
1004 3447 1046 3506 ibi
1063 3448 1161 3508 solum
1176 3446 1302 3506 indicari

199 3565 317 3624 regem,
334 3545 394 3605 imo
412 3546 581 3608 universum
593 3547 766 3626 plerumque
782 3548 942 3624 populum,
960 3547 1046 3606 unius
1058 3565 1205 3623 personae
1222 3548 1302 3624 cogi·

197 3649 312 3707 tatione
334 3648 587 3724 comprehensum.
639 3647 706 3707 Nos
731 3656 830 3708 autem
852 3667 888 3706 eo
912 3648 1086 3724 praesertim
1108 3648 1147 3707 ad
1169 3657 1304 3728 nostram

197 3748 317 3808 adducti
335 3749 508 3808 sententiam
532 3766 650 3821 sumus,
674 3750 756 3826 quod
771 3769 820 3808 vv.
839 3749 970 3808 anteced.
989 3749 1026 3807 de
1042 3748 1124 3808 Nino
1142 3757 1172 3807 et
1189 3747 1225 3807 de
1241 3751 1302 3810 As·

198 3850 289 3928 syriis
307 3849 405 3928 agitur
423 3868 489 3908 cum
507 3849 612 3908 tertiae
629 3868 775 3925 personae
791 3859 880 3924 nota,
899 3869 954 3911 nec
971 3868 1056 3910 secus
1073 3871 1101 3910 v.
1117 3853 1163 3924 123
1187 3857 1301 3923 contra,

249 4110 275 4170 1)
292 4111 394 4160 Coccan
411 4117 568 4172 commenta,
592 4112 634 4174 qui
658 4111 732 4160 sicuti
749 4111 783 4160 ed
801 4127 858 4162 eam
875 4113 1048 4171 inimicitiam,
1072 4123 1123 4172 qua
1141 4110 1301 4162 Christianos

196 4195 349 4242 exercebant
365 4193 468 4256 Iudaei,
486 4197 572 4246 omnia
584 4195 702 4260 deinceps
714 4195 804 4258 rciert,
822 4199 859 4246 ita
876 4197 939 4246 haec
956 4210 1057 4260 qnoque
1068 4195 1147 4246 verba
1163 4196 1301 4261 indigitare

197 4275 378 4338 Hierosolyma
396 4279 527 4342 opinatur,
546 4282 609 4330 satis
627 4295 752 4345 superque
771 4281 909 4344 redarguta
925 4289 984 4331 sunt
1002 4295 1018 4332 a
1034 4281 1162 4330 Mantum.
