2954 4784
201 207 247 276 tt
611 208 741 284 Canu,
759 231 787 268 v.
801 215 893 270 t-ll.

200 397 299 474 potius
317 395 405 455 scribi
429 393 566 453 debuisse
582 394 716 454 vidimus.
753 395 824 453 Ideo
843 414 880 452 ne
902 395 937 473 b)
954 394 1077 452 alteram
1096 394 1214 472 quidem
1232 413 1301 470 pro·

200 493 636 568 bamusOAnv1rn‚Cnrann1,
661 496 829 554 Kanmsnn
846 495 1036 568 sententiam,
1062 496 1113 571 qui
1135 495 1301 553 machinam

200 600 331 675 aliquam
354 598 392 656 ab
417 595 596 672 oppugnatis
620 597 658 655 ad
684 597 743 654 tela
761 597 892 656 bostium
915 595 1099 654 defendenda
1121 604 1301 656 exstructam

200 699 377 771 conficiunt,
400 697 431 754 id
454 697 535 773 quod
559 697 683 774 cogitari
707 697 829 774 insuper
852 699 947 774 probe
968 717 1027 755 non
1051 704 1159 772 potest.
1200 695 1301 756 Satius

200 819 272 877 ergo
296 799 351 857 erit
377 801 409 876 9)
424 797 619 872 plurimorum
643 798 836 874 interpretum
859 798 943 876 sequi
968 798 1160 871 sententiam,
1191 797 1242 873 qui
1266 798 1302 855 de

201 898 501 978 oppugnantium
519 897 707 958 machinis
730 899 918 976 cogitandum
943 899 1064 971 docent,
1095 899 1131 956 de
1155 898 1301 957 testudine

201 1003 248 1061 vel
270 1001 365 1058 vinea.
401 1001 447 1057 Ac
469 1001 501 1076 a)
518 998 669 1057 vinearum
688 999 805 1076 quidem
822 998 938 1076 pondus
961 1007 1051 1076 atque
1072 999 1204 1076 gravitas
1221 998 1301 1056 haud

201 1103 335 1162 sufficere
351 1100 483 1170 videtur3
499 1118 553 1157 uec
569 1101 607 1158 ab
624 1099 684 1158 illis
700 1100 837 1176 gentibus
854 1099 979 1158 usitatas
996 1099 1122 1170 scimus3
1148 1101 1182 1176 b)
1200 1118 1302 1158 verum

202 1201 419 1261 testudines
448 1201 479 1257 in
502 1200 708 1277 expugnandis
732 1201 849 1277 oppidis
872 1200 1000 1276 primum
1031 1208 1120 1276 atque
1143 1199 1302 1258 secundum

202 1303 281 1380 apud
295 1302 440 1378 Assyrios
456 1301 555 1358 locum
569 1309 698 1359 tenuere.
725 1301 920 1361 Testudinum
932 1307 1030 1359 autem
1044 1319 1104 1358 non
1121 1300 1194 1358 illud
1210 1317 1303 1376 genus

156 1393 160 1404 ¹
201 1403 340 1475 dicimus,
359 1401 440 1478 quod
457 1401 547 1460 scutis
565 1420 656 1477 supra
673 1397 772 1476 capit'a
788 1401 913 1460 sublatis
930 1401 1075 1477 atqueu'ta
1090 1401 1167 1458 inter
1183 1417 1303 1459 secon-

201 1503 323 1565 tiuuatis
345 1503 491 1560 formatur
506 1502 530 1574 ¹,
562 1501 613 1560 sed
638 1501 804 1560 machinam
828 1502 971 1579 ligneam,
997 1502 1073 1560 rotis
1094 1501 1248 1573 subiectis,
1271 1499 1303 1557 in

90 1654 93 1664 .
201 1624 262 1683 qua
284 1603 475 1680 suspenditur
496 1603 573 1661 aries
586 1600 605 1661 ².
642 1602 784 1661 Videmus
806 1603 883 1661 enim
905 1603 935 1660 in
958 1602 1081 1678 sculptis
1107 1601 1303 1678 Assyriorum
1329 1628 1343 1648 ι

202 1705 310 1764 tabulis
333 1705 465 1780 ingentes
483 1709 578 1761 turres
597 1710 739 1779 quattuor
751 1704 797 1762 vel
815 1722 868 1763 sex
885 1703 960 1762 rotis
977 1702 1151 1780 impositas,
1169 1702 1224 1762 sub
1237 1701 1302 1779 qui-

201 1806 257 1866 bus
280 1804 357 1863 aries
381 1803 570 1862 eiaculandus
591 1804 665 1862 latet
686 1803 941 1880 (imperiosam,
964 1802 1137 1875 EzechlV,
1155 1800 1221 1879 3)³;
1255 1820 1304 1860 sa-

200 1904 314 1983 gittarii
335 1905 367 1964 in
392 1904 534 1963 tabulatis
564 1902 766 1980 superioribus
788 1904 926 1981 dispositi
953 1913 1015 1962 tarn
1044 1923 1061 1961 e
1088 1921 1203 1962 summa
1230 1903 1303 1960 turri

202 2025 291 2084 quam
310 2005 476 2064 efeneslris
493 2004 629 2063 emittunt
646 2005 720 2077 tela,
738 2005 781 2062 ita
797 2013 831 2063 ut
848 2013 877 2063 et
894 2005 971 2064 aries
989 2012 1018 2062 et
1034 2003 1143 2062 milites
1155 2011 1302 2079 tegantur,

199 2107 231 2165 id
249 2106 331 2184 quod
348 2106 463 2184 egregie
482 2106 608 2182 quadrat
631 2105 661 2162 in
679 2106 907 2181 appellationem
925 2120 996 2178 nno.
1034 2105 1189 2180 Agebatur
1205 2112 1302 2162 autem

199 2208 374 2284 plerumque
384 2207 422 2265 ad
434 2206 603 2265 inferiorem
616 2206 691 2263 muri
710 2215 834 2282 partem,
857 2223 965 2282 aggere
978 2205 1101 2282 obliquo
1119 2201 1302 2275 exstrueto⁴;

201 2308 328 2386 parietes
352 2308 434 2384 ligno
457 2307 504 2365 vel
527 2306 615 2365 coriis
639 2306 856 2384 viminibueque
878 2306 947 2365 tecti
970 2305 1103 2364 videntur
1116 2304 1135 2364 ⁵.
1176 2349 1195 2378 ‚‚
1203 2305 1304 2363 Hence

200 2409 250 2469 the
266 2409 406 2467 mode'of
426 2408 501 2465 their
523 2407 622 2465 action
638 2426 702 2466 was
720 2417 773 2466 not
798 2409 863 2466 that
885 2407 919 2464 of
934 2407 1061 2484 shaking
1083 2407 1132 2464 the
1149 2406 1219 2464 wall
1244 2406 1303 2464 and

199 2510 323 2586 causing
346 2509 371 2566 it
387 2516 419 2567 to
436 2508 489 2564 fall
506 2509 547 2584 by
563 2509 702 2583 repeated
718 2509 797 2586 havy
816 2509 925 2568 shocks
943 2506 987 2582 (id
1004 2507 1085 2586 quod
1109 2506 1140 2564 in
1155 2507 1299 2582 ingentes,

200 2609 251 2685 qui
269 2610 416 2682 feruntur,
440 2608 514 2666 Nini
530 2626 631 2668 muros
649 2609 753 2668 cadere
771 2628 829 2667 uon
846 2610 977 2686 posset),
1002 2610 1055 2667 but
1075 2609 1175 2666 rather
1191 2609 1256 2666 that
1273 2607 1307 2663 of

199 2709 388 2787 penetrating
404 2710 453 2768 the
476 2727 601 2768 courses-
614 2709 648 2766 of
661 2709 780 2782 bricks‚
808 2710 842 2767 of
855 2709 951 2768 which
975 2710 1045 2786 they
1061 2728 1141 2767 were
1157 2707 1304 2784 probably

199 2811 375 2887 composed‚
398 2811 457 2868 aad
474 2812 541 2868 thus
558 2809 696 2886 picking‚
718 2811 745 2867 if
760 2829 806 2869 we
828 2829 898 2887 may
914 2811 951 2867 ba
969 2809 1096 2868 allowed
1119 2811 1168 2867 the
1185 2811 1302 2885 phrase,

199 2920 283 2988 great
300 2911 383 2970 holas
406 2911 437 2968 in
455 2911 552 2982 them,
576 2909 650 2968 until
677 2918 708 2968 at
724 2911 825 2986 length
842 2911 891 2969 the
914 2910 1103 2968 battlements
1126 2910 1227 2968 would
1250 2909 1304 2966 fall
1347 2991 1348 2996 ἵ

198 3012 247 3071 for
265 3020 345 3072 want
362 3012 396 3069 ol
411 3018 536 3086 support
548 3010 726 3069 beneath.“⁶
752 3011 837 3084 Quae
853 3010 1005 3070 machinae
1018 3029 1108 3088 quam
1120 3009 1303 3086 perniciosae

198 3113 308 3172 fuerint
325 3111 520 3189 oppugnatis,
548 3110 674 3168 dilucide
698 3130 736 3168 ex
754 3130 847 3187 opera
863 3119 989 3198 apparet
1004 3112 1116 3170 frustra
1133 3111 1171 3170 ab
1188 3110 1226 3169 iis
1249 3110 1303 3168 im·

198 3231 306 3289 pensa,
325 3213 437 3271 catenis
454 3211 577 3269 tollendi
594 3211 717 3270 arietem
733 3219 785 3271 aut
801 3212 872 3288 igne
881 3219 975 3271 totam
992 3219 1102 3270 turrem
1119 3208 1302 3270 delendis-
1407 3268 1412 3276 ,
1461 3219 1462 3256 l

200 3311 334 3390 Cogitaui
350 3312 469 3391 quidem
492 3311 651 3370 secundum
670 3313 753 3370 verbi
770 3312 920 3371 uodonem
944 3312 1061 3372 facilius
1079 3313 1115 3370 de
1137 3313 1204 3372 aliis
1221 3321 1303 3388 tegu-

199 3489 403 3506 -----δ

250 3645 277 3710 1)
294 3647 347 3698 Clr.
365 3649 500 3698 munna
516 3645 533 3695 l.
546 3647 647 3710 XXVI,
660 3651 689 3711 83
707 3649 796 3699 Lrnm
814 3649 830 3696 l.
842 3649 971 3712 XXXIV,
984 3651 1025 3700 39.

249 3731 276 3794 2)
293 3733 345 3784 Gir.
363 3733 476 3782 Latmo.
494 3731 511 3779 l.
523 3729 541 3779 l.
553 3730 593 3793 11,
606 3748 627 3782 c.
639 3733 663 3794 5,
680 3747 739 3796 pag.
752 3732 802 3782 376
811 3747 854 3794 ss,
872 3733 915 3796 dg.
925 3735 966 3785 57.
980 3737 1027 3798 583
1046 3733 1143 3784 Bonum
1156 3734 1171 3782 l.
1185 3733 1202 3782 l.
1215 3747 1239 3796 p.
1248 3732 1304 3782 160.

200 3816 257 3869 161.
273 3818 329 3868 186.
343 3819 401 3868 934.
415 3817 477 3878 943;
496 3813 582 3866 Gousr
600 3816 616 3866 l.
628 3817 646 3866 l.
659 3831 683 3880 p.
694 3817 744 3866 299
753 3831 786 3866 ss.

248 3900 275 3962 3)
292 3901 345 3951 cn.
362 3901 534 3950 thvnnulttc
553 3915 575 3950 a.
589 3899 613 3948 b.
625 3900 643 3948 l.

250 3985 278 4046 4)
296 3985 349 4037 Cir.
368 3983 466 4033 Bonorn
484 3984 500 4032 l.
513 3983 530 4032 l.
543 4001 566 4048 p.
577 3984 680 4034 aldan.

249 4068 276 4130 b)
293 4067 347 4119 Cin.
365 4069 481 4120 Vrrnuvn
498 4067 530 4117 de
548 4069 715 4119 architectura
732 4069 742 4118 l
762 4057 801 4132 X,
816 4070 855 4120 19.
866 4072 905 4121 20.
919 4071 960 4119 21.

250 4152 276 4212 6)
294 4152 379 4203 Gossn
398 4151 435 4201 l.l
457 4169 480 4216 p.
493 4153 551 4202 299.

251 4235 278 4295 7)
295 4235 349 4286 Osr.
367 4235 466 4285 Bonum
484 4251 507 4298 p.
520 4235 582 4298 2343
602 4238 687 4288 Gossu
706 4256 728 4303 p.
739 4242 797 4290 ³11.

1457 3735 1461 3816 l

1455 4445 1460 4759 l
