2954 4784
182 181 227 260 36
590 186 707 260 cern,
728 207 754 246 v.
771 191 880 246 12-14.

180 371 236 432 deo
253 371 320 448 ipso
337 372 577 449 comprobatum,
594 370 785 450 intelligimus
798 371 817 431 ¹.
847 369 989 447 (Cruor,
1007 370 1160 443 Rosnnu,
1178 368 1284 448 llrrz.)

179 473 248 532 Hoc
264 473 340 532 enim
358 472 434 532 illud.
455 472 677 550 ese-proprium
699 472 798 550 regnis
821 472 995 545 mundanis,
1020 472 1100 550 quod
1123 470 1194 529 odio
1216 491 1284 547 per·

180 582 343 652 sequuntur
366 574 523 646 Israelem,
554 589 615 652 non
640 572 735 651 ipsius
758 581 874 634 mutum
905 557 1026 646 caussa,
1057 571 1111 632 sed
1142 571 1282 646 maxime,

180 675 260 752 quod
287 693 344 751 pro
370 673 483 735 fictitiis
505 673 595 734 idolis
618 673 681 736 suis
704 674 791 733 deum
814 674 859 733 illi
881 673 983 733 colunt
998 691 1088 732 unum
1111 679 1141 731 et
1164 691 1282 744 verum3

179 775 306 853 ideoque
335 773 450 836 occulta
482 783 513 836 et
542 793 656 835 summe
690 773 864 836 inimicitiae
895 793 1003 834 caussa
1034 781 1081 834 est
1102 773 1229 832 defectio
1253 782 1283 832 et

179 875 366 936 contumacia
395 883 500 934 contre
528 875 700 935 Dominum.
724 909 761 918 -
800 870 891 938 ivri:
913 887 983 950 *fvt*
1005 873 1049 947 is,
1080 872 1132 951 qui
1161 873 1284 932 molitur

179 975 305 1036 consilis
326 975 492 1054 nequitiec3
509 994 579 1035 nam
595 971 703 1055 imin,
720 975 803 1034 cuius
821 973 923 1034 varies
943 974 1112 1034 notationes
1133 974 1284 1053 congessit

178 1076 260 1138 Dsu.
278 1076 428 1136 Hnrnerer
444 1074 616 1152 (Nedumus
632 1075 774 1152 pacificus
791 1094 819 1134 e.
837 1075 868 1134 h.
884 1074 936 1152 1.),
963 1075 1051 1150 plene
1068 1082 1202 1134 nostrum
1219 1083 1282 1134 est:

178 1175 469 1254 NIchtsnutziglreit,
499 1175 553 1236 cfr.
576 1177 666 1236 Deut.
679 1177 773 1249 XIII,
798 1180 848 1247 143
878 1174 949 1248 XV,
977 1180 1026 1249 19,
1055 1175 1143 1235 unius
1170 1174 1283 1253 ingenii

178 1277 277 1354 specie
293 1277 505 1353 comprehensa
521 1275 631 1338 ISem.
645 1276 765 1349 XXHI,
783 1280 816 1348 ὃς
833 1275 899 1336 Iob.
912 1275 1061 1349 XXXIV,
1081 1279 1123 1334 18.
1159 1276 1284 1334 Temere

180 1376 361 1451 Gusuumrs,
389 1377 476 1437 sicuti
492 1376 558 1452 hic,
580 1378 624 1436 ite
639 1376 691 1436 Pe.
704 1376 828 1449 XVHI,
845 1381 862 1436 5
889 1375 1044 1436 defendere
1060 1376 1200 1455 perniciei
1217 1394 1284 1436 sen·

179 1497 245 1540 sum
262 1477 393 1538 ostendit
409 1478 566 1538 Hunusra.
584 1497 612 1538 a.
630 1478 660 1537 h.
677 1477 716 1550 l.;
740 1477 863 1554 insuper
878 1477 960 1555 epod
976 1478 1116 1538 usitatam
1132 1495 1285 1538 remanere

179 1587 358 1656 potestatem
373 1588 478 1640 nosne
494 1579 578 1654 loeo,
595 1586 696 1638 monet
710 1578 758 1651 Π,
777 1583 803 1651 1,

231 1878 316 1956 Quae
332 1897 399 1940 cum
415 1879 459 1939 ita
475 1880 549 1955 sint,
575 1881 664 1940 finem
679 1881 767 1942 huius
784 1880 948 1959 particulos
964 1899 994 1939 v.
1007 1884 1112 1952 6-11,
1135 1877 1232 1937 redire
1247 1876 1286 1936 ed
1374 1942 1377 1961 ι

178 1979 297 2040 initium
308 1979 458 2054 videmus,
476 1989 566 2059 atque
582 1981 657 2042 odeo
676 1983 801 2043 salutem
810 1981 915 2042 Israeli
931 1979 1140 2040 vindicandum
1157 1979 1286 2054 primum
1384 2017 1386 2022 .

180 2081 212 2142 in
228 2082 286 2142 hoc
309 2100 417 2159 genere
437 2081 536 2142 locum
559 2083 686 2166 haltere,
710 2084 779 2142 licet
801 2069 887 2160 regni
908 2079 1051 2140 mundani
1072 2078 1233 2140 destructio
1258 2086 1287 2136 et

178 2182 312 2256 eversio,
336 2201 413 2261 quae
436 2182 596 2242 remedium
620 2183 701 2245 illius
718 2191 808 2263 atque
832 2201 939 2244 ceussa
961 2190 1024 2255 est,
1048 2180 1177 2240 maxime
1200 2178 1287 2238 cadet

179 2284 235 2344 sub
253 2282 408 2343 oculorum
424 2291 622 2361 conspectum.

596 2661 632 2739 C.
667 2687 702 2734 v.
724 2664 871 2738 12-14.

227 2816 381 2878 Extremis
406 2819 514 2896 capitis
540 2818 677 2879 versibus
701 2819 802 2881 brevis
826 2828 856 2880 et
880 2819 1030 2880 succincte
1053 2819 1146 2879 divini
1169 2817 1286 2878 consilii

178 2917 347 2982 continetur
369 2919 549 2994 declaratio,
578 2919 739 2998 ipsissimis
761 2920 885 2981 Domini
910 2921 1010 2980 verbIs
1035 2919 1202 2981 distinctius
1232 2938 1285 2978 ex·

177 3039 293 3098 presse.
327 3021 449 3098 Assyrii
464 3022 497 3080 in
514 3039 630 3081 summo
647 3021 799 3098 potentine
815 3021 938 3098 fastigio
956 3029 1138 3095 evertentur,
1161 3039 1214 3078 neo
1231 3019 1286 3079 ite·

177 3140 245 3180 rum
270 3121 308 3180 ab
330 3119 368 3181 iis
390 3120 559 3200 affligentur
575 3121 678 3181 Iudaei
695 3121 738 3198 (v.
754 3123 818 3200 12);
842 3121 918 3196 imo,
942 3141 961 3181 a
984 3120 1109 3182 vinculis
1131 3139 1234 3180 eorum
1256 3129 1287 3179 et

178 3220 322 3280 servitute
343 3239 422 3280 nunc
443 3222 646 3282 liberabuntur
670 3221 713 3299 (v.
732 3223 794 3300 13),
822 3223 983 3301 Assyrium
1006 3241 1113 3283 nomen
1135 3241 1194 3282 una
1218 3239 1286 3281 cum

177 3319 327 3380 idolorum
343 3321 510 3384 simulacris
525 3321 658 3383 funditus
675 3323 821 3383 delebitur
837 3323 880 3400 (v.
895 3324 951 3402 14).

232 3582 258 3645 1)
275 3581 427 3634 Urassrrtoa
449 3582 579 3648 apposite,
600 3585 707 3635 mutetis
729 3583 860 3636 metendis
877 3590 1023 3636 mereret:
1056 3583 1122 3648 ,Um
1140 3582 1182 3664 die
1201 3581 1286 3634 Noth-

178 3667 337 3734 weudigkeit
354 3668 424 3718 eines
441 3681 470 3716 so
487 3666 651 3718 furclrtbsren
669 3667 787 3720 Geriehts
803 3667 868 3720 dher
884 3668 981 3720 Ninive
998 3667 1071 3720 recht
1096 3665 1288 3720 eindrueksvoll

60 3788 74 3810 ,
177 3751 400 3814 hervorzuhebeu,
417 3750 512 3816 dringt
529 3765 558 3802 er
575 3751 617 3802 dis
634 3751 841 3802 undbersehbare
857 3753 952 3818 Menge
970 3755 1017 3806 der
1033 3753 1140 3814 Vielen,
1165 3751 1222 3814 die,
1240 3766 1288 3802 ans

177 3837 219 3888 ihr
234 3835 442 3902 hervorgeheud,
463 3833 545 3885 Bdees
562 3847 660 3884 sannen
677 3849 760 3900 gagen
777 3835 911 3902 Jehoveh,
934 3839 961 3890 in
985 3840 1042 3890 elne
1060 3839 1159 3902 einalge
1175 3835 1287 3885 Person·

177 3921 288 3972 llchlrelt
305 3935 466 3982 nosemmen,
483 3918 526 3969 dle
543 3933 572 3969 er
589 3922 778 3984 vomugsweIse
795 3921 845 3972 den
857 3921 955 3974 Rether
970 3923 1017 3976 des
1028 3923 1188 3974 Verderbens
1200 3925 1288 3980 neunt,

178 4003 219 4054 als
236 4005 308 4054 wire
325 4019 353 4054 es
371 4004 418 4054 der
434 4003 521 4068 Kdnig
539 4001 586 4054 der
604 4003 797 4070 Rurhlosigkeit
814 4008 917 4059 selbst“
