2954 4784
211 177 260 248 86
614 183 746 258 omn,
762 201 792 242 v.
805 187 916 241 12-14.

210 366 319 444 pretati
336 375 418 426 suut:
435 366 466 426 In
483 365 582 440 fumo,
599 367 682 426 fumo
700 365 897 426 circumdatos
916 363 1051 443 (timu),
1068 364 1221 426 luculenta
1236 384 1317 426 com·

210 467 366 539 bustione,
387 467 470 527 ouius
493 467 591 527 fumus
613 467 719 543 procul
741 466 942 544 conspiciatur
964 464 1101 544 (Daue).
1131 482 1215 526 nunu
1240 467 1316 545 sing.

210 565 397 639 collectivus,
431 567 524 626 veluti
555 581 669 633 nmini
691 581 751 626 unu
786 567 895 644 lReg.
919 567 967 639 X,
991 569 1041 638 263
1068 566 1126 626 Ies.
1149 567 1264 640 XXII,
1289 572 1315 627 7.

210 667 336 740 XXXI,
357 671 388 738 13
411 685 465 727 nec
486 668 549 726 ulla
565 685 640 743 opus
658 674 704 726 est
720 675 906 739 correctura,
931 685 1008 743 quae
1031 675 1079 725 sat
1095 667 1206 725 multae
1223 667 1316 728 exsti-

210 776 324 839 terunt3
346 767 435 826 LXX
458 775 599 845 sequente
621 764 699 844 Syro
729 760 768 828 τὸ
791 755 929 849 πλῆθός
950 782 1021 826 σου.
1055 765 1211 826 Gnnvruus
1237 776 1317 828 recte

211 887 265 944 per
282 867 486 944 synecdochen
503 886 619 926 omnem
636 867 722 926 docet
740 877 917 944 apparatum
934 867 1071 926 bellicum
1083 866 1314 944 intelligendum.

212 966 334 1043 Quanta
350 967 428 1026 euim
445 987 583 1026 curruum
600 967 692 1026 fuerit
709 969 855 1045 dignitas,
880 985 946 1026 eum
963 976 1068 1026 notum
1089 968 1129 1027 sit
1145 987 1162 1026 e
1177 968 1209 1026 II.
1227 985 1268 1028 ss.
1287 977 1317 1028 et

212 1076 344 1128 veterum
362 1067 497 1144 scriptis,
515 1076 577 1126 tum
594 1078 852 1128 monumentorum
868 1068 1067 1128 marmoribus
1079 1069 1153 1128 satis
1166 1087 1315 1146 superque

211 1175 468 1227 commonstretur.
486 1168 539 1228 cfr.
558 1167 697 1244 supraad
709 1189 738 1227 v.
750 1173 776 1226 4.
793 1201 829 1212 -
846 1168 928 1228 Dum
944 1167 1079 1226 inccndio
1098 1169 1316 1244 conflagrantur

211 1286 314 1328 currus
337 1275 366 1326 et
389 1286 487 1340 arma,
517 1267 576 1346 ipsi
598 1267 706 1328 milites
728 1277 759 1328 et
780 1269 902 1340 heroes,
925 1267 978 1345 qui
1001 1268 1137 1328 leonibus
1157 1268 1314 1330 iuvenibus

211 1369 370 1427 secundum
387 1367 545 1445 imaginem
567 1387 615 1428 vv.
632 1368 875 1428 antecedentibus
897 1387 1071 1444 expressam
1093 1377 1314 1444 comparantur,

210 1470 382 1527 devorantur
392 1469 507 1542 ,thadim
526 1469 578 1527 cfr.
592 1468 826 1542 DeutXXXII,
837 1473 888 1542 243
907 1473 923 1526 2
937 1467 1017 1528 Sam.
1031 1468 1078 1541 11,
1091 1472 1134 1528 26.
1148 1467 1265 1542 XVIII,
1277 1473 1313 1540 ὃς

210 1568 314 1628 Ierem.
332 1568 378 1643 11,
400 1572 444 1628 30.
462 1567 579 1641 XLVI,
605 1571 761 1628 10.14.--
778 1570 820 1627 Iit
841 1571 999 1628 exscindam
1023 1587 1037 1627 c
1062 1578 1154 1638 terra,
1179 1587 1218 1627 ex
1241 1569 1314 1628 orbe

211 1676 374 1740 terrarum,
391 1687 488 1744 neque
501 1688 540 1726 ex
554 1667 725 1744 Assyriacis
739 1669 835 1727 solum
850 1669 974 1742 finibus,
991 1669 1130 1746 rapinam
1143 1677 1239 1742 tuam,
1256 1668 1276 1727 i.
1286 1687 1311 1727 e.

210 1786 357 1844 nusquam
373 1757 539 1826 invenietur
555 1768 728 1844 quicquam,
752 1769 833 1846 quod
857 1769 964 1845 rapina
980 1777 1033 1828 tua
1049 1769 1106 1826 dici
1123 1768 1220 1845 possit
1226 1790 1234 1840 ;
1259 1788 1312 1846 ap·

210 1866 308 1942 posite
324 1866 487 1926 Horreum:
505 1887 581 1926 nunc
599 1868 635 1925 de
651 1867 766 1954 actione
784 1869 899 1928 dicitur.
917 1869 969 1927 cfr.
984 1857 1045 1941 III,
1061 1873 1101 1928 19.
1128 1869 1188 1927 Per
1201 1872 1314 1926 anatim

211 1965 315 2025 duram
327 1986 412 2026 suam
423 1969 600 2026 exercebant
613 1969 816 2046 tyrannidem,
829 1970 880 2047 qui
892 1977 1074 2047 quantopere
1085 1977 1170 2028 erant
1180 1967 1312 2043 timendi,

210 2066 285 2126 satis
302 2067 468 2127 didicerunt
484 2087 503 2128 a
520 2069 715 2128 Rabschukel
745 2063 861 2132 noma
891 2087 994 2146 regum
1012 2069 1107 2128 nuntii
1131 2069 1185 2128 cfr.
1204 2074 1216 2126 l
1232 2067 1313 2130 Sam.

210 2167 301 2240 XVI,
330 2172 362 2226 19
370 2188 379 2239 3
411 2173 424 2226 l
450 2167 525 2245 Reg.
549 2169 642 2241 XIX,
668 2172 685 2226 t
709 2169 778 2240 alI.;
815 2189 885 2230 rara
922 2169 1041 2246 quidem
1072 2169 1231 2246 productio
1269 2176 1315 2230 est

211 2262 353 2346 nansia,
413 2286 473 2326 non
496 2277 595 2328 tamen
617 2276 699 2327 caret
716 2268 870 2346 analogia,
889 2269 942 2329 cfr.
967 2284 1054 2331 usna
1074 2269 1174 2328 Exod.
1191 2269 1313 2342 XXIX,

209 2369 258 2438 353
276 2367 350 2425 Zere
366 2367 491 2426 alterum
509 2387 570 2426 non
587 2368 808 2428 Aramaismum
825 2371 921 2445 sapit,
943 2369 994 2428 sed
1018 2389 1035 2427 c
1059 2368 1176 2445 poetica
1198 2370 1314 2428 ratione

208 2468 465 2527 accommodatum
488 2477 534 2527 est
556 2469 653 2526 vocali
675 2469 874 2543 antecedenti,
905 2489 982 2547 quac
1006 2469 1108 2528 eadem
1131 2480 1314 2530 consonante

209 2565 336 2642 regitur3
361 2568 414 2627 cfr.
436 2568 489 2628 Ps.
510 2567 596 2642 CIII,
614 2571 640 2627 3.
657 2573 684 2628 4.
702 2571 734 2641 53
757 2569 824 2628 Ew.
848 2569 873 2648 ᾗ.
886 2573 952 2644 258,
970 2589 997 2628 a.
1031 2569 1115 2630 Nihil
1132 2569 1222 2648 Igitur
1239 2579 1313 2643 erat,

210 2667 291 2744 quod
307 2666 331 2728 1.
349 2666 390 2727 D.
406 2669 501 2726 Mrou.
520 2668 618 2744 suppl.
636 2687 665 2748 p.
681 2671 746 2726 1505
763 2669 920 2745 legendum
937 2670 1087 2730 suaderet:
1129 2685 1197 2760 ³:33
1232 2664 1314 2760 erig,

209 2785 269 2824 non
287 2767 422 2826 audietur
438 2767 566 2843 amplius
583 2787 645 2828 vox
666 2780 728 2827 tam
751 2770 848 2844 plena.
867 2802 904 2812 -
922 2768 985 2829 cfr.
1009 2769 1111 2830 eadem
1138 2773 1200 2830 fere
1223 2773 1315 2832 verba

209 2867 246 2925 de
262 2866 376 2926 Babele
390 2867 543 2926 enuntiata
559 2869 612 2926 Er.
620 2868 714 2940 XIX,
725 2873 750 2927 9.
769 2867 906 2928 Ceterum
923 2889 973 2928 vv.
989 2878 1094 2929 nostra
1104 2887 1160 2939 ἠν
1172 2884 1259 2936 vntris
1272 2867 1313 2936 κθ

209 2965 335 3028 dilucide
360 2967 520 3044 respIciunt
536 2967 623 3028 finem
639 2968 728 3046 primi
745 2968 866 3046 capitis:
884 2984 942 3033 'tw
963 2983 1028 3031 mu
1050 2963 1099 3032 ut.
