2954 4784
107 139 110 148 ‘
188 112 234 182 52
601 115 674 176 Car.
688 115 735 190 ΙΙ,
754 135 781 173 v.
798 119 874 173 1-5.

109 339 111 344 .
187 300 356 379 imperativi
374 299 487 360 vicibus
504 299 673 376 fungentem
684 299 708 371 ¹;
730 308 834 360 contra
849 298 997 358 Hostem.
1015 306 1061 356 est
1079 301 1092 353 l
1111 304 1205 374 praet.
1222 295 1303 378 Nir

188 405 329 462 obsessus
342 409 403 472 est,
417 414 520 465 aaran
533 408 631 458 antem
644 400 829 460 aecusativus
842 397 1044 460 instrumenti:
1058 397 1291 470 „umschranket

188 503 265 563 wird
282 521 342 560 von
358 499 547 560 Schanzwall
563 519 621 576 eng
633 505 703 574 er,“
720 500 810 578 idque
825 500 892 558 ideo
910 498 1054 571 maxime,
1073 497 1154 575 quod
1172 513 1290 572 narra,

188 603 314 674 vallum,
337 620 397 659 non
421 608 660 676 oppugnatarum
683 601 815 673 urbium,
844 599 897 660 sed
920 596 1153 676 oppugnantium
1178 581 1290 656 exerci-

188 715 270 762 tuum
293 721 359 762 esse
381 700 545 772 contendit3
568 700 657 778 longe
674 701 772 760 verius
788 699 1019 758 Daurzscmus
1040 697 1192 756 notionem
1208 698 1291 756 verbi

188 801 345 879 descripsit
367 800 406 860 ad
427 799 508 858 Hab.
519 800 566 872 11,
592 805 621 856 1:
663 813 764 873 „urata
778 795 953 880 (πη-ήκω)
974 799 1015 864 ist
1039 798 1092 856 der
1115 797 1293 864 Einschluss

189 904 261 961 oder
284 901 458 961 Umschluss
482 900 562 984 einer
584 899 686 972 Stadt,
711 900 798 960 theiis
821 918 880 957 von
906 897 1005 960 Seiten
1030 898 1109 958 ihrer
1125 897 1292 958 Bewohner

188 1004 280 1062 durch
303 1001 521 1078 Ringmauern,
552 1000 639 1059 theils
661 1019 721 1058 von
744 999 845 1062 Sciten
870 1000 922 1058 des
946 999 1072 1058 Feindes
1096 997 1151 1056 mit
1167 998 1291 1074 Belage-

187 1102 388 1179 rungsvvdllen
404 1100 464 1158 und
476 1100 828 1177 Belagerungsthrirmen,
846 1099 939 1158 daher
955 1098 1110 1175 allgemein
1128 1099 1176 1158 die
1188 1098 1292 1170 Veste,

187 1202 399 1262 insbesondere
416 1201 469 1259 der
484 1201 613 1260 Wacht-
631 1201 703 1259 oder
719 1199 900 1276 Spahthurm
906 1221 915 1272 3
925 1204 944 1234 “
962 1199 1015 1258 cfr.
1031 1213 1134 1264 narrt)
1149 1213 1220 1278 rua,
1237 1217 1292 1275 op-

188 1303 261 1378 pida
282 1301 397 1360 munita
417 1301 548 1360 sParsl.
561 1301 647 1374 XIV,
665 1305 698 1373 ὃς
723 1301 785 1373 Xl,
806 1305 846 1359 10.
865 1305 906 1360 11.
925 1303 957 1358 23
964 1321 973 1372 3
986 1301 1076 1372 XII,
1094 1304 1127 1370 43
1150 1299 1246 1371 XXI,
1263 1302 1291 1358 3.

187 1402 273 1462 Nihil
290 1410 465 1474 astantem,
483 1402 647 1479 quodcum
664 1399 808 1460 Tucn10²
824 1401 861 1460 de
878 1401 1010 1460 turribus
1027 1399 1189 1476 cogitemus
1207 1398 1292 1472 solis,

187 1501 363 1580 praesertim
380 1521 445 1560 cum
463 1501 616 1578 sequentia
633 1519 752 1579 quoque
768 1488 889 1560 nomina
904 1501 994 1560 latius
1010 1508 1142 1577 pateant.

239 1587 345 1662 Altera
361 1620 464 1661 versus
482 1620 553 1677 pars
576 1602 670 1662 tribus
694 1601 879 1678 imperativis
897 1602 1065 1673 conticitum
1089 1598 1191 1659 dumus
1213 1600 1293 1658 enim

188 1721 245 1780 pro
262 1701 416 1762 infinitivis
432 1701 624 1777 accipiuntur.
650 1701 811 1776 (Hmaorv,
829 1702 950 1761 Marica.
963 1701 1029 1778 all.)
1071 1699 1222 1760 Custodiis
1239 1719 1293 1776 per

189 1803 370 1862 munimenta
386 1803 461 1860 hene
477 1800 648 1876 dispositis,
667 1811 821 1862 accuratae
838 1803 1043 1862 observandae
1060 1809 1130 1861 sunt
1145 1800 1227 1874 viae,
1244 1801 1294 1860 vel

190 1903 298 1980 quibus
304 1899 428 1960 subdole
439 1901 633 1962 irruathostis
642 1901 831 1980 (Mrcn.),vel
842 1902 950 1979 quibus
961 1901 1190 1979 appropinquet,
1202 1909 1235 1959 ut
1248 1900 1294 1960 ilii

190 2002 310 2062 obviam
328 2021 393 2060 curn
411 2001 542 2060 exercitu
559 2002 723 2077 procedant
739 2001 929 2080 (Khwash).
951 2015 1044 2062 aaron
1067 2015 1137 2078 ptri,
1157 2001 1295 2062 conforta

188 2103 322 2174 lumbos,
339 2103 359 2160 i.
371 2122 396 2160 e.
408 2109 545 2178 paratum
562 2111 592 2160 te
604 2102 693 2160 redde
706 2101 747 2160 ad.
757 2102 959 2162 sustinendam
971 2117 1102 2176 pugnam
1110 2121 1119 2172 3
1136 2101 1168 2158 in
1184 2101 1294 2161 lumbis

189 2203 267 2262 enirn
290 2203 408 2262 roboris
431 2203 516 2261 sedes
534 2211 580 2261 est
596 2201 717 2260 Denter.
732 2201 842 2260 XXIII
849 2245 857 2276 ,
878 2206 925 2274 11;
955 2199 1058 2277 lReg.
1071 2200 1149 2270 XII,
1168 2205 1214 2273 103
1239 2201 1294 2260 Psr

190 2302 310 2375 LXIX,
334 2307 382 2374 243
408 2302 461 2360 Ea.
482 2301 608 2376 XXIX,
633 2307 658 2361 7.
701 2301 836 2360 Eandem
860 2301 1035 2362 sententiam
1058 2299 1119 2360 alia
1142 2308 1294 2377 postremo

189 2403 281 2462 verba
298 2402 480 2477 exprimunt:
503 2417 566 2462 aaa
589 2417 630 2460 u:
652 2414 732 2474 van,
751 2403 893 2463 confirma
909 2402 1000 2463 robur
1016 2418 1205 2480 magnopere.
1231 2399 1293 2460 Cur

189 2501 352 2562 maioribus
368 2501 482 2560 vicibus
499 2507 583 2576 egeat
600 2519 690 2576 quam
715 2501 805 2574 alias,
830 2510 971 2580 sequente
994 2500 1146 2578 eumtioto
1164 2501 1294 2560 declara-

190 2611 252 2674 tur:
281 2599 369 2660 ¹Deus
393 2600 470 2658 enim
493 2601 560 2676 ipse
583 2608 644 2672 cst,
672 2600 754 2660 caius
779 2601 922 2662 ministris
944 2601 989 2660 illi
1014 2610 1232 2678 oppugnantur.
1254 2632 1292 2644 -

188 2700 345 2763 Eiusmodi
362 2709 460 2760 autem
476 2699 730 2775 interpellationes
747 2701 819 2778 quid
836 2702 894 2762 sibi
910 2703 1019 2772 velint,
1038 2709 1180 2760 ,accurate
1196 2719 1292 2777 expo-

189 2800 250 2860 suit
272 2801 439 2863 Ruraarus
461 2800 658 2872 Turnonem,
683 2819 748 2860 cum
772 2802 895 2862 diceret:
931 2808 1027 2876 „eunt
1049 2800 1126 2860 istae
1149 2801 1294 2864 eiusmodi

189 2901 369 2973 sententiae,
393 2901 497 2978 quales
519 2899 703 2976 grammatici
725 2901 789 2962 sive
805 2903 939 2962 rhetores
964 2901 1215 2961 concessivae
1238 2921 1292 2978 ap-

188 3001 317 3078 pellant,
341 3001 444 3077 pulcro
460 2999 620 3060 locutionis
637 3001 725 3059 modo
742 3002 787 3060 ita
803 3021 835 3062 se
853 3003 1008 3075 habentes,
1032 3008 1116 3060 utet
1138 3001 1174 3060 in
1196 3020 1292 3060 com·

188 3101 370 3178 pulsione
391 3101 631 3177 prohibeant,
654 3101 744 3160 etin
761 3102 1026 3178 prohibitione
1049 3101 1291 3176 compellant.

190 3199 275 3274 Quae
292 3209 390 3260 tamen
406 3221 443 3258 ne
459 3219 520 3258 non
535 3199 701 3260 intellectae
717 3203 925 3277 persuasiones
949 3220 1014 3262 esse
1030 3201 1200 3274 videantur,
1225 3221 1292 3278 per-

189 3299 286 3358 mixta
303 3309 372 3359 sunt
388 3300 490 3377 aliqua
505 3299 613 3372 verba,
637 3319 714 3377 quae
731 3302 886 3362 manifeste
902 3309 1069 3379 repugnant
1085 3301 1152 3382 (cfr.
1170 3302 1230 3373 111,
1250 3307 1291 3361 14.

192 3400 256 3476 15),
285 3419 347 3472 ne„
362 3399 444 3477 quod
474 3399 595 3472 dicitur,
625 3401 778 3462 audientes
800 3402 940 3479 imperari
963 3403 1011 3460 vel
1038 3401 1212 3476 persuaderi
1238 3422 1291 3478 pu-

73 3514 76 3526 ‘
189 3503 327 3558 tent.“-
342 3499 464 3574 Quanta
474 3499 533 3559 iam
547 3499 680 3558 imminet
696 3521 794 3560 rerum
807 3504 946 3562 mutatiol
964 3519 1089 3578 quorum
1103 3510 1294 3562 monumenta

189 3598 301 3658 arcium
318 3600 380 3660 suis
397 3599 490 3676 copiis
508 3583 671 3659 dirutarum
693 3600 871 3678 imaginibus
892 3605 1029 3676 horrent,
1053 3620 1179 3679 quorum
1196 3621 1292 3678 reges,

189 3706 222 3758 nt
238 3699 269 3760 in
287 3701 488 3762 columnarum
506 3699 600 3760 titulis
617 3700 781 3775 iactantur,
805 3703 971 3764 sexcenties
992 3702 1081 3780 longe
1097 3703 1215 3779 lateque
1237 3702 1293 3760 im·

189 3800 264 3875 perii
287 3801 473 3876 protulerunt
493 3799 581 3871 lines,
605 3798 702 3860 —iis
727 3803 885 3862 exitiosum
910 3822 988 3862 nnnc
1012 3803 1121 3863 bellum
1139 3802 1293 3864 moenibus

189 3899 423 3975 propulsantium
441 3908 495 3958 est.

243 4041 269 4100 1)
285 4041 340 4090 Cir.
358 4041 463 4094 aaran
478 4037 604 4104 Lehrgeh.
621 4003 712 4102 §ioth
730 4045 760 4102 3,
777 4058 805 4104 c,
822 4059 846 4108 p.
859 4045 918 4097 tae,

243 4125 269 4186 2)
286 4123 430 4174 Commeat.
445 4123 558 4176 donno
576 4125 638 4174 urhe
656 4141 679 4188 p
693 4125 734 4176 52.
