2954 4784
629 200 702 261 Onu.
715 202 760 275 II,
780 221 807 262 v.
823 208 846 262 l.
1241 201 1289 274 47

187 385 395 463 prehendatur.
422 386 563 447 Delibata
580 387 677 447 auteni
694 386 767 446 haec
783 387 875 446 verba
892 405 958 448 esse
975 407 991 446 e
1007 387 1064 449 Ies.
1074 387 1141 465 LII,
1155 395 1182 465 t,
1200 410 1291 470 supra

187 487 247 546 iarn
265 486 395 553 diximus
401 509 410 561 ς
428 489 471 547 ibi
487 490 561 549 haec
577 488 639 548 lere
656 487 795 565 legimus:
813 508 925 566 „quam
941 489 1056 566 pulchri
1073 492 1188 550 suntin
1206 512 1290 552 mon-

188 588 267 647 tibus
275 588 374 664 ‚pedes
392 590 500 664 nuntii,
523 589 723 667 praedicantis
739 608 859 665 pacem,
882 590 1046 650 nuntiantis
1062 590 1186 666 bonum,
1204 613 1290 669 prae-

187 687 314 748 dicantis
332 689 473 764 salnoem,
492 690 617 751 dicentis
631 689 732 748 Zioni:
750 700 855 768 regnat
871 692 944 751 dens
961 693 1065 750 tuusl“
1100 692 1185 767 Quae
1199 696 1290 755 verba

187 789 333 867 integram
355 792 513 851 conficiunt
534 780 710 868 partiendam
726 792 899 868 magnificae
920 790 1000 852 illius
1017 791 1160 854 orationis
1175 814 1200 854 c.
1217 795 1288 854 LI-

187 889 259 963 LII,
278 895 325 963 12,
352 910 412 968 qna
429 893 599 968 depressum
616 911 670 969 per
692 891 801 951 indicia
816 893 961 969 populum
976 901 1061 952 vates
1077 894 1226 969 promissa
1242 915 1289 956 sa·

187 991 249 1050 lutc
272 999 302 1049 et
317 991 432 1052 laetitia
454 994 551 1070 erigit.
592 993 685 1055 Cuius
708 992 915 1069 promissionis
938 994 1112 1054 certitudine
1135 1015 1189 1072 per
1210 1016 1289 1056 com-

188 1091 430 1152 memorationem
447 1094 679 1171 omnipotentiae
695 1093 815 1152 divinae
831 1094 997 1154 etMeesiae
1010 1094 1144 1154 mittendi
1157 1097 1290 1156 stabilita

187 1191 231 1268 (v.
246 1194 361 1272 1-16),
385 1194 592 1272 praesagiente
613 1195 713 1255 animo
730 1195 845 1254 tristem
869 1202 900 1254 et
916 1194 1087 1271 captivitate
1103 1195 1290 1274 Babylonica

188 1293 330 1378 deiectam
352 1293 493 1354 Israelem
516 1296 677 1374 alloquitur
704 1315 734 1356 v.
755 1300 787 1353 17
803 1313 860 1356 sa:
895 1293 999 1356 deletis
1020 1296 1173 1370 hostibus,
1203 1298 1289 1358 sicuti

188 1394 348 1470 Aegyptiis
365 1405 396 1454 et
411 1397 563 1474 Assyriis,
580 1397 624 1457 ita
640 1397 707 1456 istis
724 1415 843 1474 quoque
859 1404 890 1457 et
911 1395 1049 1456 omnibus
1065 1397 1184 1456 omuino
1199 1398 1289 1458 liber·

187 1503 278 1554 tatem
306 1494 344 1555 iis
371 1505 402 1556 et
421 1497 633 1558 beatitudinem
655 1497 726 1556 olim
748 1496 915 1568 conciliari;
943 1489 1087 1574 properat
1114 1497 1221 1558 deinde
1249 1499 1289 1558 ad

185 1594 360 1655 facetissimi
375 1598 462 1658 huius
482 1599 541 1657 diei
558 1599 766 1677 cogitationem
783 1596 857 1670 LII,
874 1617 904 1656 v.
918 1601 949 1656 6:
984 1597 1077 1671 „ideo
1098 1598 1152 1658 illa
1169 1599 1217 1658 die
1239 1619 1289 1659 cc-

186 1705 309 1772 gnoscet
332 1715 405 1774 gens
428 1719 495 1759 mea
516 1718 625 1758 nomen
649 1717 762 1771 meum,
784 1697 852 1757 ideo
875 1696 929 1758 illa
944 1698 1008 1773 die,
1032 1717 1088 1776 ego
1111 1700 1189 1758 enim
1212 1719 1287 1774 sum,

186 1797 239 1874 qui
255 1797 403 1874 loquitur,
426 1819 461 1858 en
479 1801 570 1858 me1“
614 1800 730 1875 Quibus
747 1799 871 1860 vocibus
894 1817 960 1858 cum
978 1808 1080 1876 aperte
1096 1811 1290 1878 praeparetur

186 1898 303 1956 notatio
321 1918 421 1958 earum
438 1919 552 1974 rerum,
576 1901 684 1980 quibus
701 1900 848 1980 cognituri
864 1901 923 1960 siut
938 1919 1046 1960 nomen
1062 1901 1109 1960 dei
1126 1920 1178 1962 sen
1196 1903 1289 1962 mani·

185 1997 387 2074 testationem,
406 2000 560 2062 confestim
579 2001 728 2080 seqnitur:
745 2001 866 2076 „Quam
882 2001 999 2077 pulchri
1009 2009 1079 2060 sunt
1094 2002 1124 2060 in
1138 2003 1289 2062 montibus

186 2100 276 2176 pedes
287 2104 307 2134 “
332 2109 386 2160 etc.
435 2102 617 2164 Exclamant
644 2102 750 2162 deinde
772 2110 802 2161 et
830 2101 958 2160 iubilant
979 2101 1117 2161 custodes
1149 2101 1290 2162 simulet

186 2200 302 2260 incolae
318 2201 416 2277 urbis,
439 2203 651 2263 redemtionem
669 2221 754 2263 suam
769 2202 974 2279 praedicantes
991 2222 1019 2261 v.
1032 2207 1049 2260 8
1061 2221 1102 2262 ss.
1145 2201 1289 2264 Videmus

186 2319 257 2379 ergo
274 2321 303 2360 v.
317 2306 392 2358 pmum
409 2304 584 2364 necessitate
606 2304 708 2383 aliqua
730 2312 760 2363 et
780 2321 941 2380 progressu
958 2303 1101 2362 contineri
1123 2322 1189 2362 cnm
1205 2312 1288 2363 ante·

185 2401 354 2462 cedentibus
378 2411 408 2462 et
430 2405 636 2483 sequentibus3
660 2423 697 2464 ac
710 2405 747 2465 'si
763 2403 941 2464 conferimus
958 2403 1145 2477 Nahumurn,
1170 2425 1187 2463 e
1208 2424 1287 2464 nexu

185 2502 328 2562 solutiore
344 2503 431 2563 facile
448 2505 635 2584 intelligitur,
660 2505 772 2565 iontem
789 2523 855 2566 csse
870 2505 1014 2577 Iesaiam,
1032 2505 1109 2564 unde
1126 2505 1218 2565 verba
1234 2506 1288 2565 illa

184 2603 340 2662 deduxerit
348 2625 357 2677 ς
373 2625 443 2664 nam
456 2616 487 2664 et
498 2606 623 2667 recitata
635 2607 755 2667 brevius
767 2614 846 2678 sunt,
865 2613 894 2665 et
910 2605 1088 2666 arctioribus
1105 2605 1287 2667 circumscri-

183 2713 254 2780 ptus
274 2705 383 2766 finibus
405 2707 470 2784 ipse
492 2708 581 2766 etiam
608 2725 713 2768 sensns
734 2707 859 2766 videtur.
901 2706 1015 2766 Iesaias
1041 2706 1119 2766 enim
1142 2726 1287 2780 „omnem

184 2804 277 2862 futuri
299 2806 441 2881 temporis
466 2801 592 2867 ialntem
615 2828 676 2867 una
698 2808 784 2886 qnasi
807 2807 905 2883 specie
927 2807 1164 2883 comprehendit,
1186 2808 1231 2866 ita
1254 2815 1287 2866 nt

183 2905 370 2966 strictissimo
388 2925 477 2968 sensu
494 2909 615 2968 effatum
634 2908 729 2985 possit
745 2906 894 2966 nominari
910 2906 1106 2979 Messianum,
1124 2906 1177 2965 cfr.
1196 2907 1284 2967 Rom.

182 3006 231 3081 X,
250 3009 297 3079 153
320 3008 398 3066 unde
420 3015 519 3068 tamen
537 3017 658 3068 eventus
680 3016 714 3066 ut
735 3008 778 3066 ita
795 3007 891 3068 dicam
916 3007 1030 3083 praevii
1047 3025 1107 3065 non
1124 3007 1285 3065 excludun-

182 3116 245 3181 tur,
272 3107 388 3184 qnalem
410 3108 567 3170 Nahumus
590 3108 714 3169 Ninives
738 3108 860 3171 interitu
881 3115 1019 3184 paratum
1040 3107 1079 3164 iri
1099 3106 1230 3166 intuetur
1243 3107 1285 3166 ¹.“

180 3208 282 3286 Atque
304 3207 378 3267 hacc
402 3210 522 3286 quidem
552 3210 629 3268 ratio
654 3210 820 3287 praemissa
842 3208 950 3268 vocula
976 3223 1037 3268 mn
1064 3208 1284 3284 quodammodo

180 3307 369 3384 indigitetur,
388 3329 465 3387 quae
479 3310 645 3387 promissos
663 3311 734 3368 olim
749 3310 870 3370 nuntios
887 3309 992 3368 adesse
1005 3308 1090 3386 quasi
1103 3309 1285 3386 inpromptu

181 3409 322 3468 ostendit.
363 3411 407 3470 At
429 3429 500 3470 vero
517 3409 711 3483 Hrrztcrns²,
737 3418 932 3488 posteaquam
949 3407 1114 3470 Hunrms³
1135 3412 1287 3487 quondam

181 3509 343 3584 dubitavit,
373 3519 472 3571 utrum
499 3521 634 3572 nostrum
664 3532 703 3570 an
724 3510 838 3572 Iesaiae
866 3511 1037 3570 vaticinium
1062 3509 1145 3587 prins
1175 3511 1285 3570 editum

182 3620 278 3684 esset,
295 3610 363 3669 ideo
380 3613 555 3688 praesertim
568 3612 711 3686 lesaiam,
730 3612 778 3671 vel
794 3612 894 3689 potius
911 3611 1045 3670 fictitiam
1056 3610 1140 3668 illam
1152 3609 1286 3670 Pseudo·

180 3710 296 3770 Iesaiae
317 3713 446 3789 speciem
467 3715 603 3775 hausisse
620 3734 637 3773 e
652 3711 792 3772 Nahumc
818 3713 875 3772 sibi
897 3710 1061 3788 persuasit,
1085 3709 1155 3787 qnia
1180 3729 1286 3786 parum

233 3986 258 4049 1)
275 3987 382 4037 Kusrsn
404 3989 526 4039 Ieremias
549 3988 575 4038 ll.
599 4003 633 4038 ss.
659 3989 785 4054 interpres
812 3994 889 4052 atque
913 3985 1007 4036 vindex
1032 3999 1090 4050 pag.
1104 3985 1154 4038 140
1167 3999 1215 4049 ss.;
1240 3983 1285 4035 cir.

181 4069 308 4123 litamen
327 4089 351 4138 p.
364 4075 422 4125 257.

233 4157 259 4218 2)
276 4157 375 4208 Gomm.
393 4157 420 4206 in
437 4156 489 4206 les.
506 4172 531 4220 p.
542 4157 601 4207 471.

232 4241 259 4303 3)
275 4241 424 4293 Demonstr.
441 4241 539 4306 Evaug.
557 4241 665 4306 Propoa.
678 4240 727 4303 1v‚
744 4240 838 4304 acca.
