2954 4784
456 969 656 1042 CAPUT
683 969 994 1044 ALTRRUM·

222 1376 340 1477 Altera
356 1415 488 1476 vaticinii
510 1433 598 1492 pars,
623 1414 737 1493 quain
758 1413 886 1476 medinm
902 1414 977 1474 Nini
997 1415 1131 1492 rapimur
1153 1415 1281 1476 eversio·

169 1539 256 1592 nom,
273 1518 369 1578 tribus
386 1525 416 1576 et
432 1517 500 1593 ipsa
516 1515 683 1577 absolvitur
698 1516 837 1576 numeris.
863 1515 956 1595 I)Ad
973 1516 1146 1594 dignitatem
1158 1517 1281 1576 Israelis

169 1619 381 1680 vindicandam
394 1625 484 1694 atque
495 1617 705 1677 restituendam
718 1616 866 1676 exereitus
878 1617 995 1694 egregie
1007 1617 1167 1677 instructus
1176 1625 1281 1676 eontra

170 1720 287 1780 Ninum
303 1739 322 1780 a
338 1719 469 1779 Domino
493 1717 641 1777 excitatur
656 1737 686 1776 v.
705 1722 791 1790 1-53
816 1716 863 1796 Il)
880 1727 1070 1795 expugnatur
1088 1718 1163 1778 urbs
1185 1717 1280 1776 muni-

171 1821 303 1894 tissima,
323 1819 500 1896 diripiuntur
515 1818 650 1895 ingentes
667 1817 789 1878 divitiae
806 1818 886 1893 eius,
903 1818 1019 1878 insulse
1035 1817 1151 1895 pallido
1168 1836 1281 1896 angore

171 1921 295 1982 muciati
316 1921 348 1978 in
364 1921 468 1997 fugam
483 1926 639 1978 vertuntur
655 1919 703 1978 vel
725 1919 911 1978 abducuntur
927 1920 957 1979 in
977 1919 1117 1980 exsilium
1133 1939 1163 1978 v.
1177 1924 1222 1977 6-
1232 1924 1279 1993 11;

171 2023 232 2100 ΠΙ)
249 2029 339 2100 atque
356 2020 432 2080 adeo
449 2020 632 2096 praedonum
649 2019 790 2096 spelunea
810 2019 864 2078 illa
888 2020 986 2080 diruta
1010 2041 1029 2080 a
1046 2018 1178 2078 Domino
1196 2038 1281 2078 exer-

172 2123 299 2196 cituum,
317 2120 472 2194 trucidatis
487 2119 674 2194 latronibus,
697 2120 811 2196 praeda
828 2120 980 2210 sustines,
1005 2120 1125 2180 deserta
1140 2119 1218 2178 isoet
1235 2127 1280 2178 at·

173 2243 231 2302 que
248 2221 403 2296 desolatas
417 2241 447 2281 r.
462 2223 574 2280 12-14.

604 2481 648 2554 A.
690 2483 844 2554 v.1-5.

224 2601 272 2684 llo
294 2622 392 2700 prima
416 2620 536 2700 quidem
560 2622 667 2700 eapitis
690 2622 837 2700 particula
861 2639 1006 2682 summum
1028 2621 1157 2699 primum
1180 2621 1282 2681 iudicii

173 2723 330 2785 exercendi
345 2721 434 2782 finem
450 2723 609 2800 proponit,
632 2723 752 2783 Israelis
769 2723 973 2783 liberationem
991 2743 1020 2782 v.
1035 2728 1066 2795 13
1090 2723 1212 2800 Assyrii
1229 2742 1282 2781 an-

173 2834 235 2885 tem
262 2823 401 2884 humanis
425 2822 540 2884 viribus
566 2824 679 2884 frustra
706 2824 885 2901 propulsare
912 2823 1036 2882 exitium
1064 2823 1184 2882 student
1205 2841 1234 2882 v.
1253 2827 1281 2896 2,

174 2946 241 2987 oum
258 2925 324 3001 ipse
340 2923 488 2986 Dominus
505 2924 617 2984 seelera
633 2925 777 2984 adversus
793 2942 909 2984 sacrum
926 2921 1056 2982 foederis
1073 2923 1119 2982 sui
1133 2923 1279 2999 'populum

174 3025 335 3088 commissa
351 3025 466 3084 ulturus
489 3025 529 3086 sit
551 3043 579 3084 v.
591 3028 617 3084 3.
660 3024 777 3084 Deinde
801 3023 974 3102 magnificus
996 3023 1193 3096 exercituum,
1216 3023 1280 3080 irae

173 3127 268 3187 divini
284 3125 504 3199 ministrorum,
522 3124 642 3186 habitus
659 3145 689 3186 v.
702 3129 735 3199 4,
754 3117 784 3184 et
800 3124 925 3184 mirifica
940 3122 1117 3183 describitur
1133 3122 1279 3197 celeritas,

174 3248 236 3306 qua
252 3226 388 3288 turribus
404 3226 548 3286 advolant
563 3226 602 3285 ad
619 3227 722 3286 urbem
739 3226 928 3304 taphum,
947 3243 975 3284 v.
989 3227 1015 3283 5.

628 3469 656 3510 a.
698 3472 728 3512 v.
747 3455 825 3510 1-3.

689 3622 719 3662 v.
739 3608 764 3662 l.

226 3721 301 3788 Ecce
316 3729 347 3786 ia
362 3728 499 3786 meotides
510 3727 599 3803 pedes
614 3731 708 3788 aradi
723 3729 799 3798 loeti,
812 3727 1008 3802 praedicentis
1019 3728 1138 3803 paoem!
1159 3722 1283 3795 Celebre,

176 3828 269 3900 Iuda,
287 3830 367 3904 sesto
385 3837 450 3898 tua,
474 3829 581 3888 exsolve
597 3837 665 3888 vota
682 3832 751 3888 tua!
790 3828 858 3887 Noa
875 3831 948 3886 esim
963 3827 1140 3903 praesumtor
1162 3827 1283 3901 amplias

176 3947 262 4005 super
279 3938 305 3989 te
326 3947 459 4006 aequam,
486 3937 560 3988 totto
576 3931 726 3989 abstinetur
748 3938 788 3988 est
801 3928 819 3986 ¹.
863 3927 964 3987 Verbo
990 3942 1050 3987 mu
1073 3925 1231 4001 „deiectos
1253 3935 1283 3986 et

231 4170 256 4232 1)
273 4169 384 4222 Uberius
400 4169 468 4222 hune
485 4185 585 4222 versum
602 4171 738 4238 explicavit
749 4170 815 4222 Das.
828 4170 957 4232 uenere,
974 4169 1171 4231 dissertatione,
1186 4167 1228 4219 oui
1244 4167 1283 4218 in·

179 4255 299 4320 seriptum
317 4263 369 4308 est:
388 4253 539 4319 „Nahumus
551 4257 683 4322 pacificus,
699 4255 749 4308 hoe
765 4261 804 4306 est
822 4253 855 4305 de
866 4254 957 4319 pses‚“
977 4254 1045 4320 lips.
1057 4253 1172 4317 MDCL,
1188 4254 1216 4307 in
1232 4265 1284 4318 qua
