2954 4784
630 154 703 214 esp.
716 156 778 229 111,
798 176 825 214 v.
840 161 865 214 a.
1223 153 1291 222 101
1312 149 1316 156 '

325 301 332 308 ι

187 337 218 396 ’τι
252 331 342 401 abiah
361 345 520 398 extraneos
537 339 639 398 hostes
656 341 746 398 olent.
764 371 801 382 —
818 339 876 419 IV)
894 336 1071 400 Gasaurus¹
1089 340 1195 402 deindo
1207 339 1292 418 Scy-

188 437 335 500 tharum
353 438 547 515 irruptionem
566 441 604 498 ab
621 439 777 500 Herodoto
794 449 945 502 narratam
961 441 1043 499 illam
1060 441 1226 516 intellexit,
1243 461 1294 502 cu·

188 538 235 598 ius
259 545 320 598 tam
345 539 459 598 incerta
481 548 572 618 atque
593 541 707 600 lubrica
729 548 758 600 et
780 542 853 602 fides
882 541 1000 600 omnino
1024 550 1054 600 et
1075 549 1191 618 tempus
1219 543 1294 616 θεῖ’,

187 639 240 698 vix
270 647 304 698 ut
326 639 454 698 conferri
480 640 511 698 in
543 650 691 700 certamen
707 641 814 703 valeat.
838 675 875 686 -
899 643 942 721 V)
963 641 1028 702 Nec
1059 643 1215 702 defuerunt
1242 645 1294 722 qui

188 739 533 818 Carthaginienses
570 741 658 800 etiam
683 742 782 802 induci
810 762 899 819 posse
928 745 1090 820 probarent
1118 743 1293 820 (Hennam,

187 839 365 900 Suessano>
382 840 401 900 l.
420 841 455 920 l.)
472 861 531 900 uno
550 842 697 902 sublevati
713 844 865 904 Auunuo
882 844 1101 917 Munoaomuo,
1120 844 1172 921 qui
1189 845 1292 904 urbem

187 940 424 1018 Hecatompylos
448 961 467 1001 a
489 943 601 1004 Poenis
632 943 703 1002 olim
732 952 934 1022 expugnatam
964 943 1069 1017 tradit3
1097 945 1205 1022 quibus
1233 945 1292 1008 nisi

186 1042 367 1117 respondere
384 1041 414 1126 ip
433 1042 532 1101 animo
550 1053 597 1103 est
613 1063 679 1102 corn
697 1043 838 1104 Gnssuro
856 1046 930 1106 thes.
948 1067 975 1106 a.
994 1065 1023 1104 v.
1039 1063 1092 1119 un,
1116 1045 1205 1105 aliam
1230 1045 1293 1106 ior-

187 1153 269 1200 tasse
286 1137 448 1219 significari
466 1143 595 1204 eiusdem
612 1144 741 1204 nominis
758 1147 871 1217 urbem,
889 1146 961 1206 satis
979 1146 1035 1204 erit
1055 1147 1219 1220 monuisse,
1238 1147 1292 1205 du·

186 1242 270 1300 bium
286 1243 361 1301 illud
378 1243 415 1300 de
431 1252 493 1302 tam
509 1253 625 1304 remota
641 1245 818 1322 antiquitate
840 1247 1040 1306 testimonium
1061 1247 1169 1305 idoneo
1190 1265 1291 1306 carere

187 1351 347 1402 momento.
370 1377 404 1386 —
430 1345 488 1423 Vl)
511 1344 648 1424 Denique
669 1345 747 1404 inter
770 1365 836 1418 eos,
869 1347 920 1424 qui
941 1347 1131 1424 praeteritam
1159 1347 1292 1425 aliquam

188 1443 302 1508 cladem
333 1463 352 1504 a
381 1453 450 1510 vate
480 1446 589 1522 respici
619 1446 805 1518 existimant,
834 1448 964 1506 maxime
988 1448 1118 1516 omnium
1141 1449 1293 1508 aberravit

187 1545 392 1618 Boounurus,
421 1565 487 1605 com
514 1555 632 1624 captam
658 1567 677 1605 a
698 1547 947 1608 Nebncadnezare
968 1547 1150 1626 ‚intelligeret
1177 1549 1291 1621 urbem,

189 1653 278 1722 atque
309 1647 384 1704 adeo
414 1645 601 1720 Nahumum,
632 1667 698 1706 cum
728 1657 832 1724 postea
862 1649 1043 1725 scripsisset,
1074 1649 1242 1725 praedIctae
1272 1669 1292 1710 a

188 1745 314 1805 Ieremia
331 1757 361 1804 et
372 1747 527 1808 Ezechiele
543 1748 635 1807 cladis
653 1757 683 1806 et
698 1749 819 1807 iamiam
836 1750 986 1808 confectae
1003 1750 1139 1810 extitisse
1155 1750 1273 1810 testem!

238 1846 303 1906 Iam
320 1866 391 1906 vero
408 1848 448 1906 ad
464 1849 582 1926 singola
598 1857 772 1926 argumenta
787 1849 856 1924 illa,
881 1869 897 1909 e
921 1851 1028 1928 quibus
1046 1851 1178 1928 singulas
1200 1851 1291 1910 inter-

188 1955 305 2025 pretum
328 1948 484 2025 opiniones
503 1949 717 2026 improbandas
736 1969 801 2010 esse
813 1951 959 2024 diximus,
977 1951 1106 2024 accedit,
1123 1952 1205 2028 quod
1222 1960 1291 2010 ante

188 2047 321 2108 Nahumi
340 2056 467 2108 aetatem
483 2051 604 2112 Thebas
621 2071 682 2110 non
699 2070 763 2110 esse
780 2060 968 2128 expugnatas
991 2059 1081 2128 atque
1103 2051 1216 2110 dirutas
1240 2071 1290 2109 no·

189 2169 247 2226 que
263 2149 377 2210 incolas
393 2150 426 2208 in
442 2150 644 2227 captivitatem
661 2153 819 2224 abductos,
845 2171 884 2212 ex
899 2151 974 2228 ipsis
990 2151 1209 2230 Aegyptiorum
1220 2167 1289 2210 ‘mo-

189 2250 336 2310 numentis
353 2259 485 2324 constat,
504 2271 630 2330 quorum
647 2252 762 2312 indiciis
779 2252 1084 2330 magnificentissimae
1100 2252 1183 2312 urbis
1195 2251 1289 2310 histo·

189 2350 235 2409 ria
252 2351 325 2410 satis
341 2351 504 2412 luculenter
520 2351 706 2424 conficitur⁸3
725 2371 851 2429 quorum
868 2353 1044 2412 auctoritate
1056 2353 1205 2425 docemur,
1223 2352 1289 2412 nul·

188 2451 250 2512 lam
265 2452 389 2512 ahcnius
405 2453 547 2512 momenti
564 2454 677 2512 cladem
695 2453 821 2530 cogitari
836 2471 927 2530 posse
943 2461 1012 2512 ante
1029 2451 1208 2530 Cambysem
1217 2451 1237 2511 ⁴.

242 2551 326 2627 Quae
342 2571 408 2612 oum
425 2553 469 2612 ita
485 2554 559 2627 sint,
577 2573 690 2630 paucos
707 2554 775 2613 illos
792 2553 943 2631 sequimur
959 2554 1152 2630 interpretes,
1178 2553 1228 2632 qui
1244 2553 1290 2614 fu-

192 2662 287 2713 turam
316 2654 485 2712 Thebarum
513 2655 663 2714 fortunam
690 2655 925 2730 praenuntiatam
955 2641 1106 2728 unierunt,
1136 2655 1291 2726 Htanou„

190 2754 446 2828 Turonorum,
470 2754 647 2827 eruscos,
672 2753 849 2828 Cocceium
877 2757 1036 2815 verborum
1058 2755 1150 2832 igitur
1178 2756 1293 2814 formae

189 2873 246 2931 pro
259 2855 439 2931 propheticis
452 2875 529 2933 quae
541 2855 624 2915 aiunt
636 2855 804 2932 praeteritis
816 2856 970 2916 habendae
983 2865 1076 2914 eruut.
1100 2854 1207 2932 Neque
1220 2875 1290 2916 vero

190 2975 226 3014 eo
243 2955 302 3016 illis
319 2954 437 3014 nomine
453 2957 647 3030 assentimur,
673 2957 755 3034 quod
777 2965 886 3016 certam
912 2957 957 3016 illi
975 2955 1124 3034 quandam
1140 2956 1292 3032 indIgitori

190 3057 438 3134 expugnationem
456 3058 678 3129 existimarunt;
696 3057 756 3116 imo
775 3057 907 3134 Aegypti
920 3067 1009 3133 caput
1022 3056 1291 3132 splendidissimum

191 3159 311 3216 omnino
333 3158 370 3216 iri
393 3177 527 3218 eversum
552 3159 688 3233 docetur,
713 3158 803 3236 idque
824 3167 886 3218 tam
908 3177 928 3218 a
950 3157 1114 3234 cambyse,
1140 3177 1229 3234 quarn
1252 3159 1290 3216 ab

189 3259 257 3319 aliis
274 3259 411 3334 deinceps
429 3260 580 3332 omnibus,
606 3260 656 3336 qui
673 3259 794 3320 Thebas
816 3279 947 3337 unquam
970 3247 1198 3332 destrdxerunt‚
1222 3276 1292 3316 con·

189 3361 298 3420 fectum
314 3367 368 3420 est.

239 3461 381 3520 Videmus
398 3460 488 3538 igitur
503 3460 619 3520 duabus
636 3479 675 3518 ex
687 3461 800 3522 caussis
810 3460 982 3521 Thebarum
995 3461 1096 3522 afferri
1109 3458 1292 3534 exemplum:

189 3562 331 3639 primum,
353 3583 391 3620 ne
414 3570 520 3620 natura
539 3560 613 3621 Nini
631 3569 661 3620 et
678 3562 786 3638 opibus
804 3563 924 3640 Assyrii
940 3561 1104 3640 quidquam
1121 3567 1225 3619 contra
1242 3559 1293 3618 de-

189 3663 330 3724 stinatum
347 3662 404 3722 sibi
421 3663 514 3736 latum
532 3663 631 3722 valere
648 3662 868 3734 existimarent3
893 3673 1060 3735 tumuere,
1083 3679 1120 3720 ne
1144 3659 1211 3736 quis
1233 3657 1295 3717 illis

241 3942 266 4002 1)
282 3939 334 3989 Cir.
353 3939 484 3990 Hallische
501 3940 734 4006 litteraturzeitung
753 3943 827 4004 1841,
846 3941 898 3992 No.
910 3943 933 3991 l.

239 4025 265 4086 2)
282 4023 312 4076 F.
330 4027 364 4076 A.
383 4023 495 4074 Srnsuss
513 4023 591 4088 Zeph.
614 4027 688 4090 proli.
707 4043 728 4091 p.
743 4027 811 4075 XIX
823 4041 856 4076 ss.
878 4026 1026 4074 Damrzson.
1039 4021 1105 4073 Hab.
1125 4037 1147 4087 p.
1160 4021 1263 4073 XVIII.

212 4121 215 4125 ’
240 4108 544 4169 autumnatione
563 4127 608 4162 aus
628 4113 693 4176 Aeg.
714 4128 735 4176 p.
749 4112 799 4160 272
819 4125 851 4160 os.

241 4192 267 4252 4)
286 4193 337 4246 cfr.
356 4195 451 4246 ibidem
470 4208 496 4256 p.
511 4196 569 4246 276.
