2954 4808
501 195 526 268 ᾗ.
545 197 569 252 8.
592 192 642 252 Ds
659 209 781 252 avsrru
800 207 958 252 vanorum
1186 211 1284 256 uxum

182 377 263 454 quod
286 376 353 434 inde
375 377 564 452 repetendum
590 385 652 449 est,
682 377 762 454 quod
786 377 867 436 nullo
891 363 928 436 ue
945 376 1036 434 verbo
1054 376 1172 454 quidem
1195 379 1284 456 signi·

181 480 301 550 fleatur,
325 497 344 536 a
361 477 539 553 quibusnam
555 477 692 554 gentibus
710 485 793 536 tanto
811 478 935 553 imperio
954 477 1099 536 excidium
1117 487 1284 554 pararetur.

180 579 243 636 Eas
265 586 364 636 autem
386 577 570 654 Babylonios
593 586 683 654 atque
706 578 810 636 Medos
833 597 898 638 esse
920 579 997 638 inter
1026 596 1058 638 se
1088 579 1285 652 consociatos,

182 687 243 736 tam
268 698 285 736 e
309 678 439 738 Iesaiae¹
462 687 492 736 et
514 676 698 737 Habakukit
713 679 812 738 verbis
836 697 926 756 quam
951 697 989 738 ex
1015 687 1121 738 eventu
1147 679 1287 756 colligere

181 778 263 836 licet:
282 779 320 837 ad
339 797 425 854 quem
442 779 545 854 paucis
561 779 621 838 iam
638 779 852 838 absolvendum
869 779 1085 857 aggrediamur.

476 955 502 1030 ᾗ.
520 959 545 1014 8.
572 968 621 1018 DE
640 968 788 1018 EVENTU
806 968 995 1018 VATlClNII.

233 1080 396 1138 Enuntiato
414 1077 545 1140 Nehumi
570 1081 711 1142 vaticinio
734 1081 884 1158 quomodo
906 1079 1061 1156 paullatim
1087 1081 1125 1139 ad
1152 1087 1288 1142 eventum

184 1199 233 1240 res
250 1180 392 1240 deductae
407 1180 517 1238 fuerint
534 1189 567 1239 ut
590 1201 644 1242 suo
668 1181 771 1239 ordine
796 1199 1014 1256 proponamus,
1041 1181 1169 1257 primum
1191 1201 1288 1242 rever·

185 1282 304 1340 tendum
320 1281 406 1340 nobis
423 1283 565 1340 memoria
583 1283 675 1342 estin
698 1302 763 1342 eam
788 1282 1002 1352 conditionem,
1028 1281 1059 1340 in
1085 1302 1145 1359 qua
1161 1283 1288 1342 Iudaeos

184 1390 319 1441 versatos
342 1382 433 1442 fuisse
457 1382 654 1456 ostendimus,
679 1401 744 1442 cum
762 1382 901 1442 Manasse
924 1401 978 1442 rex
1001 1381 1116 1442 vinctus
1134 1384 1289 1459 Babylone

184 1491 345 1553 teneretur3
364 1501 424 1558 quo
437 1483 517 1542 lacto
531 1483 724 1544 laetissimum
738 1483 868 1542 vaticinii
883 1482 1055 1544 conficiendi
1070 1483 1186 1542 initium
1199 1491 1289 1559 atque

183 1583 294 1659 pignus
310 1583 461 1657 quoddam
477 1583 508 1642 in
526 1585 623 1642 reditu
640 1585 719 1660 regis
735 1583 867 1660 positum
883 1584 977 1642 fuisse
990 1583 1202 1659 intelligemus3
1221 1603 1289 1642 nam

185 1703 250 1742 cum
268 1702 322 1742 rex
340 1685 378 1742 ab
393 1684 588 1760 Assyriorum
605 1684 748 1757 vinculis,
767 1684 896 1760 populus
913 1685 951 1744 ab
970 1683 1078 1742 exsilio
1096 1703 1211 1742 summa
1222 1680 1288 1742 cnm

185 1784 383 1843 sollieitudine
402 1794 574 1859 exspectato
592 1793 750 1860 appareret
771 1785 928 1858 liberatus,
953 1784 1033 1842 haud
1057 1792 1165 1842 temere
1188 1803 1289 1860 spera·

185 1885 259 1944 baut
275 1884 339 1942 fore
357 1893 389 1945 ut
403 1886 443 1942 ab
462 1885 543 1942 omni
561 1905 662 1944 eorum
681 1885 880 1944 dominatione
897 1903 970 1944 mox
987 1883 1213 1944 vindicarentur.

235 1985 298 2044 Vix
316 1993 413 2042 autem
431 1985 630 2062 quadraginta
655 1985 741 2046 annis
764 1985 976 2062 praeterlapsis
1004 1985 1179 2044 luculentius
1203 2004 1290 2044 even·

187 2085 244 2144 turi
262 2084 374 2144 oraculi
392 2085 508 2161 signum
525 2085 658 2144 oblatum
675 2095 736 2158 est,
762 2105 827 2144 cum
844 2086 1021 2156 Phraortes,
1047 2084 1202 2142 Medorum
1225 2103 1289 2156 rex,

187 2208 214 2246 a.
232 2205 257 2244 c.
276 2190 325 2243 635
342 2184 455 2244 Ninum
472 2186 630 2245 obsideret.
657 2185 737 2244 Nam
756 2187 807 2262 qui
824 2184 1088 2244 Assarhaddonem
1110 2185 1202 2242 secuti
1221 2196 1290 2244 sunt

188 2286 381 2364 Assyriorum
399 2303 497 2361 reges,
522 2305 583 2346 non
610 2287 706 2346 solum
730 2286 924 2346 adilatandis
949 2285 1031 2362 regni
1055 2285 1164 2344 finibus
1189 2303 1290 2344 verum
1373 2301 1375 2304 ·

188 2387 275 2446 etiam
300 2387 510 2446 conservandis
533 2387 668 2448 videntur
695 2387 887 2460 abstinuisse;
912 2385 986 2446 nihil
1008 2385 1085 2444 enim
1103 2395 1220 2461 praeter
1237 2405 1290 2444 uo-

187 2488 268 2546 mina
286 2487 322 2546 de
338 2486 376 2546 iis
394 2487 534 2546 traditum
551 2497 613 2560 est,
639 2507 734 2564 neque
760 2507 795 2546 ea
813 2488 930 2564 quidem
949 2485 1126 2561 scriptorum
1145 2505 1291 2546 consensu

188 2589 399 2664 comprobata:
427 2607 497 2646 nam
528 2590 725 2646 Atuxnunuu
754 2586 972 2647 Potrr11sron³
1002 2596 1072 2662 post
1089 2587 1291 2646 Asordanium

188 2688 375 2765 Sammugem
406 2688 527 2765 eiusque
556 2688 679 2747 fratrem
708 2693 742 2746 42
775 2689 861 2748 aunis
891 2705 1033 2765 regnasse
1063 2687 1169 2760 tradit,
1198 2689 1292 2748 donee

187 2789 417 2864 Nabopolassar
434 2789 472 2848 ad
490 2807 612 2866 regnum
629 2789 796 2864 perveniret
802 2810 811 2860 3
829 2789 861 2848 in
878 2808 992 2848 canone
1012 2787 1197 2846 Proteum
1213 2789 1291 2846 idem

188 2909 332 2950 annornm
350 2907 487 2948 numerus
505 2888 708 2950 Saosduchino
733 2898 763 2947 et
780 2889 967 2966 Oyniladano
986 2887 1138 2960 tribuitur,
1166 2890 1291 2946 Aaron·

188 2990 265 3049 nus*
282 2998 379 3048 autem
397 2991 521 3048 extremi
541 2989 735 3066 Assyriorum
753 2989 832 3064 regis
849 3008 954 3048 nomen
972 2986 1093 3059 Sar-aei,
1112 2987 1162 3044 alii
1181 2986 1290 3046 Sarda-

242 3217 266 3278 1)
284 3217 338 3268 Cir.
355 3218 405 3266 Ies.
423 3216 532 3278 xxiii,
552 3220 598 3269 18:
619 3219 674 3280 ,En
692 3225 762 3268 terra
780 3219 984 3281 Chaldaeorum,
998 3219 1062 3270 haec
1078 3226 1117 3268 est
1133 3232 1210 3281 gens,
1228 3231 1293 3281 quae

190 3318 242 3354 non
260 3302 308 3350 fuit
326 3301 455 3364 hucusque
471 3299 497 3360 (i.
511 3317 533 3350 e.
551 3318 617 3366 quae
636 3319 687 3352 non
706 3304 757 3352 suis
776 3304 873 3369 legibus
891 3305 975 3356 adbuc
992 3304 1116 3370 parebat),
1134 3304 1243 3366 Assyria
1260 3329 1294 3342 -·-

190 3387 298 3438 tradidit
315 3401 372 3436 eam
389 3386 480 3434 incolis
498 3386 605 3448 deserti,
624 3415 656 3424 -
674 3389 692 3437 ii
710 3397 792 3440 turres
810 3404 869 3440 suas
888 3391 988 3452 erigrmt
1012 3388 1060 3438 ct.“
1085 3389 1160 3438 Hane
1181 3390 1294 3438 vexatis-

191 3472 248 3522 simi
269 3473 319 3521 loci
337 3472 480 3520 versionem
505 3472 577 3520 unice
602 3472 705 3535 probari
727 3489 816 3537 posse,
849 3476 989 3526 luculenter
1011 3472 1124 3526 ostendit
1146 3457 1294 3528 Dnnrrzscn.

190 3557 264 3620 proll.
283 3556 316 3605 ad
334 3555 435 3606 Habak.
452 3572 477 3620 p.
491 3557 559 3606 XXI
571 3572 604 3606 ss.

243 3641 268 3702 2)
286 3640 340 3690 Cfr.
358 3640 386 3701 1,
405 3641 428 3689 6.
451 3637 575 3700 Quoniam
595 3643 621 3690 in
639 3641 778 3691 Habaknki
796 3643 923 3692 vaticiniis
941 3641 1079 3691 Chaldaeis
1097 3638 1191 3688 iudicia
1208 3637 1296 3687 divina

191 3723 359 3786 degentibus
378 3725 513 3774 exercendi
531 3741 622 3776 munus
641 3726 767 3788 tribuitur,
785 3727 863 3776 iidem
882 3727 923 3776 dei
941 3727 1050 3776 ministri
1065 3715 1133 3786 apud
1147 3721 1295 3770 Nabumum

192 3811 246 3858 iura
269 3816 421 3858 statuuntur.
456 3808 532 3869 Quod
549 3823 565 3858 a
583 3809 720 3860 Chaldaeis
744 3817 901 3860 everteretur
918 3810 1016 3869 Ninus,
1039 3808 1140 3872 gravius
1165 3813 1221 3854 erat
1238 3821 1296 3869 pro·

191 3894 325 3958 phetarum
348 3894 442 3955 menti,
465 3895 586 3957 quoniam
611 3894 744 3944 destructis
768 3895 883 3956 Assyriis
907 3907 1031 3942 summam
1054 3892 1092 3940 illi
1116 3891 1184 3938 inter
1206 3896 1296 3951 gentes

141 3978 146 3986 '
192 3978 333 4041 potentiam
356 3979 463 4026 assecuti
487 3984 553 4026 sunt.
589 3977 724 4028 Medorum
749 3993 828 4042 opera
850 3980 877 4027 in
901 3978 927 4030 il.
941 3991 977 4028 ss..
998 3990 1050 4028 non
1073 3981 1296 4034 commemoratur,

193 4077 280 4112 verum
298 4077 312 4111 e
330 4070 444 4112 veterum
462 4062 561 4125 scriptis
579 4063 747 4125 cognoscitur.
765 4080 788 4114 v.
808 4064 883 4114 infra.

201 4151 204 4162 '
244 4145 270 4208 3)
287 4147 340 4198 Cir.
358 4148 461 4197 Eusnau
479 4144 565 4196 chron.
584 4157 647 4197 arm.
665 4145 701 4210 (4)
720 4163 745 4212 p.
757 4151 800 4200 44.

246 4229 272 4290 4)
290 4231 343 4281 Cir.
362 4232 456 4281 ibidem
472 4248 497 4296 p.
512 4233 552 4282 54.
