2954 4784
214 161 283 230 112
612 163 683 223 Cla.
698 119 802 238 111,v.
817 169 861 222 8-
871 168 911 222 13.

211 347 420 408 intellexerunt
441 346 552 406 Ninum
574 358 716 426 tanquam
739 348 866 408 medium
888 347 973 426 regni
994 349 1092 406 locum
1116 347 1229 422 Caum,
1254 348 1315 409 On·

211 466 329 522 umam,
351 449 516 522 Houusu.;
540 469 608 508 nam
632 469 758 528 sequens
786 450 903 510 demum
925 468 1028 509 versus
1053 449 1207 526 adipsum
1224 460 1315 526 caput

209 550 339 612 adducit.

261 653 376 728 Elapso
394 651 580 712 defensorum
597 652 697 712 animo
713 652 778 711 fieri
795 671 854 710 non
871 659 985 729 potest,
1004 651 1075 728 quin
1090 651 1314 728 propugnacula

212 753 299 813 facile
317 760 505 828 occupentur.
536 747 641 826 ararat
674 754 750 812 male
767 753 805 812 ad
819 752 1022 812 antecedentia
1034 760 1218 811 retorserunt
1233 752 1258 811 I.
1272 752 1312 812 D.

212 854 324 925 Mmm,
347 854 534 926 Rursusne,
558 852 648 913 Hrrz.
666 853 710 932 (I)
727 854 889 927 Horreum,
907 854 950 912 ita
966 861 999 912 ut
1016 853 1147 912 audIret:
1162 872 1179 910 e
1192 853 1313 928 regione

212 955 340 1014 hostium
359 953 527 1026 constituti,
550 954 687 1016 mulieres
705 963 788 1027 sunt3
812 973 872 1032 quo
895 953 989 1014 futilis
1007 955 1199 1012 conficeretur
1214 961 1313 1011 tanto·

212 1056 302 1134 logia.
321 1089 357 1098 -
372 1069 464 1120 annm
487 1069 572 1120 nina.
590 1055 732 1115 Infinitivi
744 1055 873 1115 absoluti
886 1074 952 1113 cum
963 1056 1054 1114 verbo
1067 1053 1152 1113 linito
1165 1053 1313 1112 coniuncti

214 1157 259 1215 vis
277 1163 307 1213 et
323 1154 455 1214 efficacia
472 1155 625 1231 praeclaro
642 1156 699 1216 hoc
716 1156 845 1216 cernitur
862 1155 1015 1233 exemp103
1032 1154 1181 1230 rapidius,
1195 1162 1224 1213 et
1239 1153 1313 1214 faci—

212 1258 299 1328 litas,
319 1275 379 1332 qua
401 1263 505 1330 portae
529 1257 713 1332 aperiuntur,
736 1258 790 1316 vix
808 1257 907 1334 aptius
925 1255 1053 1333 exprimi
1069 1255 1208 1332 potuerit.
1230 1271 1313 1318 *tw

165 1407 169 1416 .
213 1372 298 1432 pann
320 1376 356 1415 ea
376 1364 445 1415 sunt
460 1357 562 1414 finium
578 1357 661 1430 loca,
679 1377 733 1434 per
750 1377 827 1436 quae
843 1358 941 1418 aditus
958 1365 1041 1434 patet
1056 1356 1087 1414 in
1112 1364 1238 1430 terram,
1263 1375 1312 1415 ve-

212 1457 267 1516 luti
284 1457 385 1516 fauces
402 1465 432 1516 et
449 1457 603 1533 angustiae
626 1458 784 1531 montium,
812 1457 941 1518 castellis
963 1458 1025 1516 lere
1047 1457 1192 1530 munitae,
1216 1457 1312 1517 cuius·

213 1558 294 1616 modi
317 1558 504 1616 Bocusrtrus
525 1557 611 1616 Phal.
637 1579 667 1634 p.
689 1563 748 1618 220.
772 1558 846 1618 (ian.
870 1578 901 1635 p.
919 1563 968 1616 377
992 1557 1126 1618 laudavit
1142 1555 1311 1617 Ohaboram

213 1669 359 1741 inputem,
378 1657 493 1716 Mediae
510 1659 696 1734 oppositum,
715 1658 956 1719 etTuctl1usl.l.
972 1679 1001 1736 p.
1014 1662 1047 1716 35
1065 1658 1179 1716 addidit
1195 1667 1311 1718 montes

211 1780 231 1818 a
250 1759 351 1817 Plinio
374 1758 434 1815 iam
454 1758 552 1816 invios
574 1761 755 1836 appellatos,
780 1761 832 1836 qui
855 1762 893 1819 ad
915 1760 1144 1837 septentrionem
1170 1768 1311 1836 vergunt3

210 1859 288 1921 adde
313 1877 432 1936 quoque
454 1859 607 1918 fluminum
630 1861 708 1920 vada
732 1870 761 1920 et
783 1861 925 1921 transitus
943 1861 993 1919 all.
1018 1860 1178 1919 Portarum
1204 1870 1312 1933 autem,

212 1960 352 2038 quoniam
370 1959 499 2018 maxime
517 1961 614 2020 solent
629 1962 759 2020 munitae
776 1981 855 2036 esso,
874 1982 910 2020 ea
926 1961 1130 2038 estgravitas,
1148 1969 1181 2020 at
1194 1961 1246 2038 qui
1262 1980 1315 2021 eas

211 2062 340 2138 ceperit,
359 2079 465 2119 omnen
483 2062 571 2120 simul
587 2063 690 2121 urhem
707 2063 909 2138 occupaverit,
928 2063 980 2120 cfr.
999 2062 1056 2122 Ies.
1067 2061 1176 2135 XXII,
1195 2065 1211 2119 7
1221 2083 1230 2134 ;
1247 2062 1312 2120 Iud.
1405 2112 1414 2129 ,

210 2163 249 2236 V,
267 2167 301 2234 83
325 2161 415 2221 Mich.
431 2161 462 2234 Ι,
481 2166 513 2234 9;
538 2163 596 2222 Ier.
614 2164 700 2236 XIV,
718 2169 750 2235 23
773 2165 830 2223 Ies.
848 2163 965 2236 XXIV,
985 2167 1025 2220 12.
1056 2161 1195 2221 Claustra
1217 2171 1314 2221 terrae

211 2265 271 2322 alio
289 2262 378 2321 etiam
397 2281 485 2321 sensu
502 2263 613 2322 usitata
629 2265 682 2323 cfr.
699 2265 761 2323 Ion.
779 2265 826 2336 II,
844 2269 919 2322 7.-
938 2263 1135 2322 ContInuatur
1152 2263 1312 2324 similitudo

210 2372 406 2441 praepostera
428 2363 572 2439 imagine:
596 2369 730 2424 consumit
751 2368 825 2440 ipcis
846 2376 934 2424 vectes
958 2374 1027 2423 taos.
1054 2383 1125 2428 nan:
1150 2384 1177 2423 a
1196 2385 1224 2423 v.
1242 2380 1313 2437 nun,

211 2466 264 2523 cfr.
281 2463 380 2522 Exod.
397 2462 554 2538 XXXVI,
572 2469 606 2522 33
624 2475 675 2539 „at
690 2466 761 2532 lecit
778 2474 889 2526 vectem
906 2465 1073 2524 medianum
1099 2465 1151 2542 qui
1174 2466 1315 2525 transiret

210 2559 320 2640 (cinni)
338 2583 391 2640 per
407 2565 519 2624 medios
537 2585 653 2626 asseres
670 2569 707 2626 ab
733 2567 827 2626 altero
850 2575 984 2626 extremo
1008 2567 1047 2625 ad
1070 2567 1225 2626 alterum.“
1249 2566 1314 2625 Iam

211 2683 283 2724 varo
296 2664 494 2741 quaerendum
507 2675 566 2739 est,
581 2675 678 2725 unam
692 2685 747 2726 sua
759 2667 847 2728 etiam
860 2668 995 2727 vectibus
1007 2667 1210 2744 metaphorica
1223 2686 1314 2744 quae·

213 2766 282 2824 dam
299 2765 435 2823 videatur
451 2775 585 2842 potestas
602 2768 773 2842 tribuenda,
792 2788 831 2826 an
850 2769 976 2846 simplex
996 2768 1026 2826 in
1045 2767 1218 2826 exornanda
1234 2767 1316 2828 simi·

212 2866 335 2924 litudina
353 2867 555 2927 concedendus
572 2867 655 2928 locus
673 2869 758 2930 esse?
788 2869 903 2944 Quibus
920 2869 1047 2945 primum
1063 2869 1136 2928 illud
1147 2868 1275 2945 placuit,
1293 2867 1315 2925 ii

213 2976 310 3026 vectes
328 2967 524 3027 meminerunt
539 2968 570 3027 id
589 2989 670 3042 esse,
694 2988 754 3047 quo
772 2970 948 3028 clauduntur
970 2977 1090 3046 portae,
1114 2969 1133 3027 i.
1147 2989 1172 3028 e.
1195 2968 1317 3028 castella

213 3078 244 3138 et
266 3067 507 3144 propugnacula,
539 3071 647 3147 quibus
676 3070 774 3131 aditus
798 3079 895 3130 terrae
910 3070 1121 3142 defenduntur,
1154 3070 1206 3128 cfr.
1243 3087 1316 3130 nra:

213 3167 289 3228 Hos.
302 3167 363 3241 XI,
383 3171 416 3240 63
435 3187 511 3246 quae
527 3170 732 3247 interpretatio
750 3171 866 3231 etiamsi
884 3171 981 3246 possit
993 3170 1207 3244 commendari,
1232 3189 1317 3247 prae·

213 3268 336 3328 ferimus
359 3276 458 3326 tamen
481 3271 612 3330 alteram.
639 3272 834 3349 Assyriorum
858 3280 956 3330 autem
980 3272 1161 3332 consuetudo
1180 3281 1257 3344 erat,
1285 3279 1319 3330 nt

214 3370 348 3427 locorum
365 3370 561 3444 munitorum,
580 3391 658 3449 quae
675 3381 899 3449 oppugnarent,
919 3371 1015 3449 portIs
1032 3373 1113 3432 faces
1132 3372 1317 3444 subiicerent,

215 3470 322 3548 quibus
341 3480 554 3544 cremarentur,
573 3473 616 3531 uti
633 3492 672 3530 ex
689 3473 881 3549 amplissimis
899 3481 1155 3532 monumentorum
1173 3473 1319 3549 exemplis

214 3571 406 3648 intelligimus
420 3571 436 3628 ¹.
459 3571 602 3632 Vectibus
626 3591 696 3649 ergo
720 3593 778 3632 non
801 3575 861 3633 alia
878 3574 1034 3634 tribuenda
1057 3573 1233 3650 significatio
1252 3573 1318 3644 erit,

215 3690 306 3748 quam
323 3679 356 3729 ut
373 3680 425 3730 aut
441 3673 620 3749 amplificent
631 3681 784 3750 portarum
798 3674 1035 3748 similitudinem,
1053 3682 1106 3733 aut
1123 3673 1319 3752 metonymice

269 3865 294 3926 1)
313 3864 365 3914 on.
381 3863 480 3913 Boron
497 3880 521 3928 p.
536 3866 593 3916 rae.
617 3841 673 3916 r'er.
698 3867 756 3916 ris.
781 3866 839 3916 rsa.
863 3867 912 3916 ree
930 3865 972 3916 an.
1006 3866 1039 3916 re
1057 3865 1126 3930 quoa
1144 3866 1209 3917 aaa
1227 3865 1321 3916 abesse

218 3950 246 3998 iu
263 3949 378 4012 regulam
395 3949 508 4010 videtur,
527 3956 554 3998 ut
570 3948 633 3998 Bou.
651 3965 676 4014 p.
691 3950 738 4000 178
757 3949 789 3998 de
807 3950 918 4014 imagine
935 3949 1046 4014 quadam
1062 3950 1159 4014 (Boura
1175 3951 1209 4017 pl.
1220 3949 1263 4011 93)
1281 3963 1321 3999 as·

218 4039 330 4084 severat:
350 4033 394 4096 „It
411 4034 433 4084 is
450 4032 592 4095 remarket,
609 4032 665 4083 that
681 4033 725 4083 the
737 4033 876 4096 Assyrians
887 4033 952 4083 have
967 4042 1013 4084 not
1026 4042 1065 4084 set
1078 4035 1124 4084 fire
1142 4041 1169 4083 to
1186 4033 1230 4083 the
1247 4039 1321 4098 gates

216 4118 247 4166 ol
261 4118 313 4166 this
330 4118 395 4182 city,
420 4131 448 4166 as
466 4119 593 4182 appeared
610 4125 638 4168 to
656 4118 687 4168 be
705 4118 771 4168 their
788 4120 861 4169 usual
878 4121 989 4182 practice
1007 4122 1034 4169 tn
1053 4117 1186 4182 attacking
1206 4132 1222 4168 a
1245 4115 1322 4167 lorti·

216 4200 267 4248 lled
284 4200 381 4263 place.“
