2954 4808
190 226 264 267 xuvr
539 209 783 267 Paonnuonsns.
810 206 882 268 Gne.
901 209 940 266 ΙΙ.

241 392 305 451 Iam
323 390 414 468 igitur
430 390 528 451 Ninus
545 392 664 452 condita
680 399 732 476 lest
753 410 830 450 anno
854 391 970 450 circiter
986 391 1094 450 0030ιῃο
1115 411 1142 450 a.
1162 391 1233 466 Oh,
1251 394 1294 452 uti

192 493 376 568 computavit
399 491 551 551 Uesuuius
579 492 733 570 (annali),
765 510 894 569 quocum
919 494 1079 552 concordat
1105 494 1182 566 fere,
1214 494 1295 572 quod

191 593 306 653 Cresia
331 600 450 652 auctore
472 594 557 670 regni
574 593 694 670 Assyrii
718 593 803 652 initia
820 595 858 652 ah
877 613 954 652 auno
972 597 1038 652 2183
1046 583 1089 626 ¹⁰¹
1110 595 1158 652 vel
1175 588 1294 653 2184‘0²

191 695 352 770 repetenda
369 695 463 752 docet.
490 693 599 753 Primis
618 690 726 753 abhin'e
743 694 863 766 seculis,
887 703 1000 772 quauta
1022 694 1106 772 regni
1131 715 1232 754 recens
1249 696 1293 753 in-

190 794 290 853 choati
306 794 395 852 fuerit
411 795 560 870 potentia,
579 794 693 852 definiri
710 814 766 870 pro
785 804 864 853 certo
882 793 1019 872 nequit⁸;
1044 804 1163 856 constat
1179 804 1293 856 tantum
1372 878 1379 882 -
1447 863 1450 872 1

191 913 229 954 ex
253 894 470 972 Aegyptiorum
496 895 597 968 fastis,
628 914 651 952 c.
670 915 698 954 a.
717 899 784 954 2000
808 915 834 954 a.
855 893 907 954 Oh.
926 895 1070 972 Assyrios
1095 897 1174 955 haud
1196 897 1292 974 impo-

191 1004 285 1055 tentes
302 993 419 1055 inisse⁴.

241 1096 357 1154 Deinde
374 1115 399 1155 s.
416 1095 477 1154 fere
494 1086 582 1154 XV²⁰
601 1115 627 1156 a·
646 1094 701 1155 Oh.
718 1095 802 1172 regni
819 1096 981 1155 auctoritas
999 1095 1024 1155 si
1042 1117 1102 1156 uon
1118 1115 1291 1174 permagna,

190 1205 291 1256 tamen
314 1196 393 1256 haud
415 1197 524 1273 exigua
545 1197 638 1256 fuisse
660 1196 793 1268 videtur3
816 1196 847 1254 id
871 1197 951 1273 quod
976 1197 1103 1272 primum
1125 1205 1251 1274 apparet
1277 1217 1293 1256 e

191 1296 316 1356 Bileami
338 1296 501 1369 vaticiniis,
533 1297 584 1375 qui
608 1315 752 1356 summum
777 1297 855 1354 inter
877 1305 979 1374 gentes
1003 1305 1086 1356 trans
1109 1296 1291 1373 Euphratem

192 1397 322 1456 colentes
336 1397 434 1455 locum
447 1397 551 1456 tribuit
559 1396 695 1474 Assyriis
704 1397 723 1470 ⁵,
738 1405 767 1454 et
778 1398 983 1474 praesagiente
996 1399 1095 1457 animo
1110 1406 1223 1456 tantam
1237 1398 1291 1457 ali-

191 1500 310 1576 quando
328 1518 429 1556 eorum
445 1499 510 1556 fore
527 1497 689 1575 potentiam
707 1497 875 1574 praedicat,
894 1507 926 1557 ut
942 1499 1094 1558 Israelitas
1111 1499 1141 1558 in
1155 1499 1292 1558 exsilium

134 1643 137 1650 «
191 1599 400 1672 deducerent⁶3
419 1618 471 1658 nec
488 1600 586 1658 minus
600 1599 737 1676 eMoysis
755 1598 853 1658 verbis
862 1597 937 1658 Gen.
951 1599 998 1673 II,
1018 1605 1065 1674 14,
1084 1601 1136 1678 qui
1152 1600 1292 1677 Mesopo-

190 1701 311 1759 tamiam
329 1700 465 1777 Assyriis
481 1701 534 1758 illo
552 1709 685 1776 tempore
702 1699 851 1758 subditam
867 1700 961 1760 inisse
976 1700 1115 1778 indigitat
1123 1700 1142 1760 ¹.
1176 1701 1292 1760 Deinde

190 1970 352 2032 Alexander,
370 1983 426 2019 was
445 1977 491 2020 not
507 1972 685 2034 contiuuously
702 1971 768 2020 built
785 1986 855 2032 over,
873 1971 919 2020 hut
936 1971 991 2021 that
1008 1972 1099 2022 within
1112 1972 1154 2022 the
1167 1974 1291 2036 precincts

191 2056 221 2105 ci
240 2056 283 2104 the
301 2056 352 2118 city
369 2054 442 2104 there
459 2069 515 2105 was
533 2069 549 2105 a
566 2062 640 2104 vaste
658 2069 733 2120 space
750 2055 835 2106 which
851 2070 907 2105 was
924 2056 1063 2106 cultivated
1088 2057 1140 2106 and
1157 2073 1242 2119 sewu,
1265 2059 1292 2108 in

191 2141 268 2190 order
289 2147 316 2190 to
339 2140 444 2204 proride
466 2138 529 2190 fond
551 2140 592 2190 for
613 2140 657 2188 the
679 2140 836 2189 inhabitants
860 2141 887 2189 in
909 2154 967 2190 case
990 2141 1020 2190 oi
1034 2156 1051 2191 a
1066 2142 1199 2192 blookade.
1235 2142 1291 2192 The

190 2240 257 2290 open
278 2223 367 2285 fietus,
390 2224 417 2272 in
434 2222 501 2283 fact,
524 2223 633 2274 covered
649 2225 740 2288 nearly
764 2239 792 2274 as
814 2226 886 2288 large
911 2240 928 2275 a
945 2239 1020 2290 space
1038 2227 1067 2276 oi
1081 2227 1180 2292 ground
1198 2241 1226 2276 us
1249 2227 1292 2277 the

190 2307 341 2370 buildings.“

243 2392 267 2454 1)
286 2392 339 2442 Cir.
357 2390 471 2442 Bannnrs
489 2393 505 2441 l.
519 2392 535 2441 1.
554 2409 578 2456 p.
592 2395 631 2441 12.

240 2475 268 2536 2)
286 2476 338 2526 Cfr.
357 2477 486 2526 Hurrnuo.
503 2477 535 2526 ds
553 2476 627 2525 rebus
645 2477 811 2539 Assyriorum
829 2495 853 2542 p.
869 2480 892 2528 5.

241 2558 268 2620 3)
284 2559 431 2610 Movnasrus
449 2561 551 2625 quidem
568 2558 732 2620 (Phoeuizier
746 2561 787 2623 11,
806 2577 835 2623 a,
853 2579 877 2626 p.
891 2562 1029 2624 aus—72)
1046 2563 1230 2627 amplissimum
1247 2563 1291 2613 illo

189 2651 304 2707 tempore
327 2646 493 2707 Assyriorum
514 2661 621 2710 rognum
643 2646 722 2695 fuisse
747 2646 836 2707 docet,
864 2662 911 2696 nec
933 2648 1030 2697 vicinas
1054 2649 1136 2697 solum
1164 2649 1291 2712 regiones,

189 2743 277 2778 verum
299 2729 464 2780 Phoenicium
486 2746 586 2794 quoque
610 2738 636 2780 et
658 2731 738 2780 Asiae
762 2733 867 2781 minoris
892 2738 990 2795 partem
1012 2733 1119 2796 imperio
1141 2747 1228 2782 eornm
1245 2746 1291 2794 pa·

189 2815 284 2874 ruisse3
309 2814 373 2863 haec
391 2821 477 2864 autem
494 2818 634 2878 sententia,
657 2830 735 2878 quam
751 2817 807 2864 iure
824 2817 983 2880 impugnavit
999 2815 1122 2866 simunt
1139 2814 1223 2876 (Gaza
1238 2816 1291 2866 und

191 2898 235 2948 die
252 2897 442 2962 philistaeische
459 2898 541 2950 Kriste
558 2917 582 2964 p.
595 2901 643 2950 192
661 2900 721 2962 alh),
741 2916 755 2950 e
772 2902 921 2950 domesticis
938 2902 1098 2964 potissimum
1114 2901 1208 2950 fabulis
1220 2915 1291 2965 repe·

190 2984 238 3032 tita
252 2990 304 3043 est,
322 2983 349 3032 in
361 2982 453 3044 quibus
464 2985 651 3033 vetustissimae
669 2984 767 3046 gloriae
784 2986 930 3048 opinionem
948 2984 1159 3048 splendidissimis
1175 2985 1208 3034 de
1220 2985 1291 3035 Nino

189 3073 216 3118 et
232 3066 402 3118 Semiramide
419 3069 617 3118 narratiunculis
635 3075 837 3131 exomaverunt3
859 3069 1010 3118 Mararrorr
1027 3076 1112 3118 autem
1131 3077 1157 3120 et
1172 3070 1290 3130 Ieterus,

189 3166 296 3215 quornm
313 3153 393 3202 utitur
409 3154 574 3213 testimoniis,
592 3168 645 3202 non
662 3154 769 3202 multum
788 3155 815 3202 in
832 3154 882 3204 hoo
898 3167 991 3216 genere
1004 3153 1167 3203 tribuendum
1183 3154 1291 3214 videtur,

189 3251 255 3298 eum,
273 3243 301 3286 ut
320 3237 467 3286 omittamus
485 3243 578 3298 cetera,
597 3236 698 3286 Iosaru.
716 3238 795 3286 Arch.
812 3239 853 3300 X,
873 3241 886 3288 1
911 3251 984 3300 reges
1005 3238 1290 3304 illosnhlesopotamios,

188 3321 232 3384 qui
250 3319 396 3392 Sodomitas
419 3322 486 3371 bello
508 3323 651 3385 petiverunt
668 3321 734 3372 Gen.
751 3322 827 3382 XIV,
845 3324 968 3384 Assyrios
991 3323 1093 3387 regulos
1110 3323 1189 3373 fuisse
1206 3323 1291 3372 trade·

188 3411 241 3466 ret,
259 3404 473 3468 quemadmodum
489 3405 654 3455 Kuschanem
670 3405 828 3454 Ritehataim
845 3406 902 3454 Iud.
915 3406 971 3468 III,
985 3409 1000 3456 8
1019 3415 1044 3456 et
1060 3409 1145 3472 ipsum
1161 3406 1240 3456 refert
1256 3406 1290 3455 ad

188 3489 319 3551 Assyrios.
337 3515 371 3526 —
388 3489 508 3540 Ceterum
533 3491 589 3555 plus
611 3491 756 3554 quingentis
780 3492 853 3540 annis
878 3498 938 3555 post
960 3491 1024 3540 lines
1046 3505 1135 3540 eorum
1152 3492 1228 3540 latius
1246 3505 1290 3554 pa-

188 3573 280 3634 tuisse,
301 3573 387 3622 statim
406 3574 554 3623 videbimus.
908 3575 914 3584 '
1330 3561 1334 3568 ¹

238 3656 265 3718 4)
284 3656 337 3706 Ciu.
354 3658 439 3706 Inrsn
456 3658 629 3721 chronologie
647 3659 694 3708 der
710 3661 844 3724 Aegypter
862 3661 888 3723 1,
906 3678 931 3726 p.
943 3663 968 3711 0.

238 3743 264 3805 t)
281 3741 334 3792 Gir.
351 3741 430 3791 Num.
448 3742 557 3803 XXIII,
575 3745 701 3794 22-24:
721 3751 762 3805 ,et
779 3752 871 3808 urgent
890 3747 1012 3810 Assyrios
1030 3745 1185 3809 omninoque
1197 3743 1289 3794 Eher.“

237 3827 263 3887 6)
280 3825 353 3886 Quae
370 3826 430 3875 licet
448 3827 620 3890 praesagienti
636 3828 703 3876 vatis
721 3829 807 3879 animo
824 3843 871 3893 per
888 3831 999 3894 speciem
1017 3835 1043 3878 et
1060 3830 1184 3880 visionem
1196 3830 1292 3880 luerInt

187 3910 287 3971 oblata,
306 3917 392 3959 temen
409 3911 548 3960 secundum
565 3917 634 3960 ratas
653 3913 849 3976 exploratasque
867 3914 1018 3979 prophetiae
1036 3915 1106 3978 leges
1125 3915 1210 3978 aliquo
1233 3913 1290 3961 iun-

187 3993 307 4042 damento
324 3994 446 4044 historico
464 3993 628 4044 subleventur
645 4003 754 4061 oportet.
772 3997 818 4046 eir.
836 3998 962 4048 Honesta.
981 3996 1082 4048 Bileam
1099 4015 1124 4062 p.
1136 3997 1290 4049 194-210.

187 4094 214 4142 p.
226 4078 285 4127 260.

236 4162 262 4223 7)
280 4161 587 4226 Explicatioverborum:
610 4173 694 4222 uiuite
717 4173 814 4234 tttt'tp,
837 4168 882 4217 ubi
905 4166 1038 4230 Tigridem
1060 4165 1140 4216 fluere
1162 4165 1291 4225 docemur,

183 4247 246 4295 satis
263 4245 382 4296 intricata
400 4255 446 4297 est.
482 4247 542 4297 Iure
560 4248 663 4312 quidem
682 4253 838 4302 asseveravit
856 4251 935 4301 Tuus.
955 4267 978 4304 a.
991 4251 1016 4300 h.
1028 4251 1062 4314 l.,
1084 4256 1168 4316 rimu
1190 4263 1291 4316 semper
