2954 4808
524 210 550 286 ξ.
567 213 593 267 2.
619 207 670 268 Du
688 225 815 267 omoma
831 203 974 270 Narium.
1274 231 1308 273 rx

204 395 252 468 11,
283 398 299 451 3
330 392 390 452 alio
421 411 510 452 sensu
536 392 738 468 accipiendum
766 411 846 466 esse,
876 393 955 450 iufra
983 393 1174 469 probavimus
1203 413 1233 472 p.
1258 399 1307 468 553

204 497 239 573 b)
256 493 361 552 deiude
377 492 556 569 imaginibus
573 493 665 551 utitur
682 512 698 550 e
715 500 794 550 terra
812 512 898 552 sacra
913 494 1031 569 petitis,
1058 495 1110 553 cir.
1126 495 1150 566 1,
1168 500 1195 567 4,
1213 515 1243 571 p.
1259 501 1307 568 183

205 597 236 673 c)
260 594 387 671 denique
404 591 500 652 omnis
518 593 580 652 eius
598 593 695 651 oratio
713 601 814 668 aperte
834 601 947 668 spectat
963 593 1107 666 Iudaeos,
1132 603 1194 653 tum
1212 595 1308 653 nomi-

205 695 298 754 natim
315 694 483 769 appellatos
496 693 544 766 11,
560 699 583 752 1.
597 697 629 767 3,
648 700 710 750 tum
728 693 796 752 aliis
813 693 928 753 indiciis
942 693 1006 752 sine
1020 695 1110 752 dnbio
1122 695 1307 772 indigitatos,

204 795 237 868 Ι,
256 799 282 852 9.
298 795 344 866 ΙΙ,
365 799 388 851 1.

255 893 295 952 II.
321 893 486 970 Pergamus
503 901 600 950 autem
619 892 667 949 ad
689 892 810 951 alterius
829 891 991 951 sententiae
1015 893 1241 951 examinandam
1259 913 1308 952 ra-

206 993 323 1052 tionem.
346 994 403 1052 Idst
420 993 502 1052 vicus
519 993 657 1069 quidam,
684 973 799 1052 duobus
816 992 969 1052 itineribus
987 1012 1006 1050 a
1022 992 1156 1052 Mossula
1174 993 1306 1053 distans¹

205 1093 276 1169 (ubi
299 1093 357 1152 sita
379 1093 450 1150 olim
472 1092 572 1151 Ninus
596 1093 692 1167 erat),
734 1083 858 1175 Quill,
890 1093 1026 1152 Alkosch
1049 1111 1073 1151 s.
1096 1093 1245 1166 Elkosoh‚
1277 1095 1308 1151 in

206 1193 288 1253 cuius
305 1192 456 1251 vicinitate
473 1193 586 1251 celebre
605 1192 755 1267 quoddam
779 1193 989 1251 monasterium
1007 1193 1153 1268 reperitur
1171 1192 1225 1253 Sti.
1244 1196 1307 1251 An·

205 1291 313 1364 tonii²;
330 1291 510 1352 ibiNahumi
527 1293 690 1368 prophetae
707 1292 872 1350 ostenditur
886 1293 1067 1368 sepulcrum,
1081 1293 1200 1352 ludaeis
1214 1313 1308 1370 aeque

205 1412 240 1452 ac
253 1391 429 1452 Christianis
447 1411 578 1464 sacrum,
597 1399 627 1450 et
643 1391 817 1449 creberrime
835 1412 854 1450 a
871 1392 1033 1468 peregrinis
1044 1393 1188 1451 adorandi
1202 1401 1309 1452 caussa

204 1492 328 1568 petitum
338 1491 357 1550 ⁸.
387 1495 416 1570 l)
439 1492 572 1550 Primam
596 1491 659 1550 eius
684 1491 855 1550 memoriam
877 1491 1000 1550 tradidit
1017 1491 1215 1565 Assnuaru‘,
1247 1511 1307 1570 quc

204 1605 325 1650 auctore
341 1593 476 1664 Marcus,
498 1593 659 1651 monachus
675 1591 756 1648 illius
781 1591 916 1649 coenobii
934 1591 1071 1668 quidam,
1091 1610 1114 1650 s.
1128 1593 1205 1650 XVI
1220 1592 1308 1664 med,

204 1693 236 1750 in
258 1691 352 1750 literis
377 1693 416 1751 ad
437 1693 611 1752 Busbelrum
634 1691 726 1762 datis,
750 1691 836 1749 huius
861 1691 950 1749 viculi
973 1699 1003 1748 et
1026 1690 1157 1750 Nahumi
1181 1673 1309 1768 sepulcri

204 1791 274 1850 fecit
290 1793 476 1850 mentionem.
503 1791 675 1867 Sepulcrum
691 1790 789 1865 ipsum
806 1791 888 1848 nulla
905 1791 1025 1849 omnino
1042 1811 1220 1868 permagnae
1233 1793 1309 1851 anti·

206 1891 327 1968 quitatis
344 1892 402 1948 fert
419 1891 544 1966 vestigia
552 1890 571 1948 ⁵.
595 1923 632 1934 —
656 1890 846 1966 Quantopere
869 1891 961 1967 igitur
983 1891 1050 1966 ipsa
1073 1893 1308 1952 testimoniorum

206 1991 382 2068 antiquitate
398 1991 471 2048 baec
487 1991 633 2049 sententia
650 1990 744 2048 alteri
761 1990 813 2048 illa
831 1993 1000 2065 superaturi

255 2093 286 2169 2)
311 2089 450 2162 Accedit,
471 2091 551 2166 quod
563 2090 722 2150 illustrium
734 2089 865 2146 virorum
879 2091 1015 2166 sepulcra
1027 2091 1139 2166 passim
1151 2091 1182 2148 in
1196 2092 1309 2150 oriente

204 2192 358 2250 innumera
374 2191 565 2263 exhibentur,
584 2191 665 2248 omni
677 2189 849 2266 plerumque
868 2190 1042 2248 anctoritate
1055 2191 1186 2248 carentia
1192 2211 1201 2262 ;
1219 2200 1309 2268 atque

205 2291 237 2348 in
254 2291 322 2366 ipsa
341 2289 394 2348 illa
410 2290 484 2348 Nini
501 2291 622 2367 regione
639 2308 699 2347 non
717 2290 813 2348 solum
831 2289 953 2348 alonae
971 2290 1083 2348 tumulo
1101 2290 1184 2349 vicus
1202 2299 1231 2349 et
1248 2292 1309 2348 rui·

206 2409 310 2449 narum
339 2409 461 2450 acervus
491 2410 598 2448 nomen
624 2390 737 2464 accepit
761 2388 861 2447 Nebbi
887 2389 1020 2462 Yunus⁶,
1047 2411 1149 2449 verum
1173 2391 1311 2450 Obadiae

207 2490 295 2549 etiam
312 2498 342 2548 et
357 2489 521 2565 Iephtbae'
538 2490 723 2566 aliorumque
739 2498 928 2549 monumenta
946 2499 976 2549 et
993 2492 1129 2566 sepulcra
1146 2511 1165 2550 a
1182 2492 1310 2551 credulis

207 2598 393 2650 ostentantur
409 2591 523 2650 incolis.

257 2692 288 2768 3)
312 2691 409 2749 Porro
428 2710 493 2749 cum
512 2711 562 2751 eas
578 2699 751 2767 reputarent
767 2691 917 2766 regiones,
941 2690 972 2749 in
997 2710 1073 2767 quas
1096 2692 1196 2750 decem
1214 2690 1310 2752 tribus

206 2791 326 2850 abducti
348 2793 386 2850 ab
409 2792 544 2868 Assyriis
569 2792 753 2863 viderentur,
777 2789 829 2848 alii
853 2789 921 2847 huie
947 2793 1108 2850 sententiae
1131 2791 1310 2868 patrocinati

207 2899 291 2964 sunt,
315 2890 367 2949 alii
392 2891 553 2950 extiterunt
576 2889 747 2949 adversarii.
783 2890 962 2948 Monuerunt
985 2891 1062 2948 enim
1085 2891 1250 2949 Hrrzrcms
1283 2901 1312 2949 et

207 2991 406 3063 hosanna,
430 3011 489 3050 non
513 2993 544 3050 in
561 2992 629 3049 illas
646 2989 787 3066 propriae
805 2989 951 3065 Assyriae
966 2991 1072 3066 plagas
1090 2997 1309 3066 transportatos

208 3110 273 3150 esse
294 3089 461 3163 Israelitas,
492 3093 544 3151 sed
571 3091 603 3149 in
625 3089 888 3164 Mesopotamiam,
921 3089 1134 3165 Babyloniam,
1164 3090 1309 3163 Mediam,

209 3190 315 3250 Gozan
331 3190 395 3260 all.;
414 3187 760 3250 contraW1crrnt1raus⁸
776 3189 806 3246 in
823 3188 891 3264 ipsa
908 3187 1093 3263 Adiabenae,
1112 3209 1189 3267 quae
1204 3198 1312 3265 postea

208 3349 409 3361 Μ

259 3469 285 3531 1)
302 3466 355 3516 Cir.
373 3465 474 3516 Rrrrra.
492 3465 573 3514 Erdlr.
591 3467 645 3530 IX,
663 3484 687 3532 p.
701 3469 759 3519 746.

259 3551 285 3612 2)
303 3551 356 3600 cfr.
374 3551 470 3601 ibidem
487 3568 512 3616 p.
526 3553 583 3601 743.

259 3636 285 3697 3)
302 3635 356 3686 Cir.
373 3635 507 3686 Nrrammrr
528 3635 789 3698 Reisebeschreibung
806 3634 872 3683 nach
891 3635 971 3684 Arab.
990 3642 1022 3684 ot.
1045 3631 1087 3694 11,
1105 3649 1129 3697 p.
1142 3633 1201 3682 352.
1237 3633 1311 3682 chn.

208 3721 337 3769 narrative
355 3720 399 3781 H,
417 3737 440 3784 p.
453 3721 495 3770 99.
513 3721 549 3769 Μ.
561 3722 674 3770 Lautam
692 3719 708 3768 l.
721 3719 737 3766 l.
755 3733 779 3781 p.
794 3718 842 3767 125
855 3733 888 3767 aa.
907 3718 1001 3769 Rrrrna
1018 3718 1035 3766 l.
1048 3717 1064 3765 l.
1083 3716 1139 3777 1x,
1156 3733 1180 3780 p.
1195 3719 1246 3767 ‘143
1261 3732 1294 3766 ss.

258 3803 286 3866 4)
303 3803 426 3854 Biblioth.
444 3805 535 3853 orient.
553 3804 580 3864 I,
598 3805 656 3853 525.
675 3803 729 3864 ΠΙ,
749 3803 778 3861 1,
796 3813 822 3861 p.
834 3802 893 3851 352.

260 3890 286 3951 5)
305 3889 359 3940 Cir.
377 3889 490 3939 Lerna.
508 3889 525 3937 l.
538 3889 555 3937 l.
574 3903 598 3951 p.
612 3887 669 3936 116.

259 3976 285 4036 6)
302 3975 355 4024 Cir.
373 3975 485 4024 Lauren.
503 3973 520 4020 l.
532 3972 549 4022 l.
568 3988 591 4035 p.
605 3971 663 4020 250.
682 3970 740 4020 261.

260 4061 285 4121 7)
303 4058 356 4108 Cir.
374 4059 490 4106 Nmaunn
507 4057 524 4104 l.
537 4056 554 4104 l.
572 4055 613 4115 11,
631 4071 655 4119 p.
668 4055 726 4106 357.
745 4053 839 4104 Rrrran
855 4054 910 4115 xl,
929 4070 951 4118 p.
964 4055 1023 4102 202.

260 4141 285 4202 8)
303 4143 468 4192 Wrcantaaus
487 4140 533 4189 das
550 4139 611 4189 Exil
629 4139 675 4189 der
692 4139 757 4189 aehn
775 4137 890 4190 Stimme
907 4137 1014 4198 Israela,
1033 4134 1178 4188 Zeitschrilt
1195 4137 1220 4188 d.
1239 4136 1311 4187 deut-

210 4225 285 4278 schen
302 4227 427 4290 mergent.
446 4223 586 4278 Gesellsch.
606 4225 637 4286 V,
658 4219 738 4288 lits,
755 4243 779 4292 p.
792 4224 948 4277 eur-482.
