2954 4808
191 221 215 288 4
639 222 711 282 (lar.
725 225 757 297 I,
776 242 804 282 v.
821 228 844 282 l.

194 411 279 488 plum
297 418 342 470 est
357 415 369 466 1
386 408 487 468 Paral.
495 408 565 480 XV,
583 412 631 480 27;
650 409 700 468 ubi
718 410 851 480 luerunt,
870 407 920 486 qui
938 407 1112 483 prophetiae
1130 407 1176 467 vel
1193 416 1299 468 cautus

193 530 309 572 sensum
327 509 455 587 flagitari
474 518 645 570 asseverent
658 511 771 582 verbis,
790 507 931 568 commoti
943 506 1070 566 forsitan
1091 528 1118 566 v.
1139 521 1296 581 utinmotu,

193 612 274 690 quod
301 611 350 670 bis
372 611 424 670 ille
448 627 552 670 versus
576 611 675 670 habet.
710 611 846 688 Utraque
870 617 968 668 autem
989 609 1089 668 versio
1114 625 1184 668 suas
1208 608 1299 668 habet

194 732 255 771 non
273 711 462 770 difficultates
479 710 592 784 solum,
615 730 717 796 verum
741 729 866 770 errores.
901 708 981 768 Nam
998 709 1075 783 illis,
1099 708 1152 786 qui
1169 709 1297 786 prophe·

192 813 266 872 tiam
282 811 469 887 intelligunt,
494 812 568 870 bene
590 813 746 888 respondit
762 811 820 872 Otr.
837 811 873 870 B.
891 810 1066 869 Mlcflnums
1089 810 1120 868 in
1138 828 1206 868 ann.
1226 810 1295 870 ubb.

192 911 366 990 prophetias
382 910 550 970 recitandas
567 913 728 972 secundum
741 911 889 988 capXVI
905 909 1134 986 praescripsisse
1146 928 1208 968 nou
1220 909 1296 969 Obe-

191 1012 326 1085 naniam,
345 1013 397 1071 sed
413 1011 574 1083 Davidem3
592 1012 631 1072 iis
643 1031 730 1087 vero,
748 1013 800 1090 qui
817 1013 854 1070 de
866 1020 955 1070 cantu
967 1010 1109 1087 cogitant,
1126 1010 1297 1070 universum

192 1113 299 1190 capitis
316 1120 518 1190 argumentum
535 1112 665 1172 maxime
682 1113 862 1173 contrarium
885 1120 945 1183 est;
969 1130 1005 1172 ac
1027 1110 1201 1186 pracsertim
1218 1129 1247 1169 v.
1261 1115 1295 1168 22

192 1213 344 1274 Chenania
355 1211 504 1292 inducitur
515 1221 657 1289 tanquam
669 1215 719 1274 'cn
731 1208 830 1280 nertin
844 1229 906 1284 utu,
920 1211 1022 1270 addita
1034 1211 1162 1270 muneris
1174 1229 1294 1272 caussa:

193 1315 341 1388 „docebat
364 1314 577 1391 gestationem,
601 1313 673 1392 quia
695 1313 758 1372 eius
782 1321 846 1371 erat
868 1311 1013 1387 peritus.“
1053 1313 1135 1372 Inter
1158 1320 1296 1372 cantores

192 1423 290 1477 autem
303 1414 432 1474 DavidIs
446 1413 599 1474 Ohenania
614 1434 668 1474 nec
684 1435 713 1473 v.
728 1417 827 1472 16-21
847 1431 900 1472 neo
916 1413 979 1472 ullo
996 1413 1057 1472 alio
1074 1413 1199 1472 refertur
1215 1412 1293 1485 loco,

192 1517 271 1588 imo,
295 1516 376 1574 sacta
393 1516 456 1574 eius
481 1514 628 1574 mentione
645 1535 673 1576 v.
687 1519 736 1587 22,
762 1522 925 1591 sequuntur
948 1533 1035 1574 arcae
1052 1513 1170 1574 divinae
1185 1513 1295 1572 ianito-

107 1670 112 1678 ,
192 1637 256 1688 res3
281 1625 310 1676 et
336 1617 469 1674 baiulare
491 1611 591 1674 arcam
608 1615 778 1676 Levitarum
802 1622 882 1686 erat,
909 1615 962 1674 cfr.
982 1635 1009 1673 v.
1024 1619 1049 1674 2.
1070 1618 1116 1686 15;
1134 1613 1225 1672 Num.
1239 1613 1293 1684 IV,

191 1738 221 1776 v.
234 1722 275 1774 19.
286 1721 329 1774 24.
339 1720 381 1775 97.
390 1720 433 1776 91.
442 1719 485 1774 32.
495 1721 538 1774 47.
551 1719 585 1774 49
598 1716 729 1793 (canunt
744 1717 868 1793 nnnc),
886 1715 1013 1792 deniqne
1025 1714 1149 1774 2Parul.
1160 1714 1293 1784 XXXV,

192 1821 209 1874 3
226 1817 361 1876 Davides
377 1816 498 1876 Levites
514 1814 596 1874 iubet
613 1835 755 1891 seponere
771 1833 871 1874 arcam
887 1815 919 1876 in
936 1815 1062 1891 templo,
1088 1835 1147 1888 „ne
1163 1815 1223 1874 iam
1241 1816 1295 1874 hu·

193 1917 283 1976 meris
299 1935 400 1974 eorum
419 1916 501 1975 oneri
519 1921 619 1976 esser‘
636 1930 718 1991 unna
738 1929 809 1975 9999
824 1910 883 1977 02²>
903 1929 955 1991 tut.
991 1915 1098 1993 Neque
1114 1935 1184 1974 vero
1202 1915 1293 1975 offen-

194 2017 291 2076 dimur
308 2035 359 2090 eo,
376 2017 466 2094 ,quod
488 2025 558 2076 ante
573 2015 756 2077 Chenanium
779 2023 809 2072 et
831 2023 902 2090 post
923 2035 989 2074 euru
1013 2036 1040 2076 v.
1054 2020 1087 2074 27
1111 2016 1235 2094 legimus
1258 2018 1296 2076 de

193 2118 379 2191 cantoribus
397 2137 466 2176 uam
480 2138 507 2178 v.
519 2123 549 2176 17
563 2136 604 2176 ss.
622 2116 798 2176 describitur
814 2134 942 2191 pompae
958 2135 1061 2176 sacrae
1077 2117 1167 2190 ordo,
1185 2117 1215 2174 in
1233 2136 1295 2194 quo

192 2229 328 2280 cantores
353 2231 384 2278 et
399 2217 503 2278 musici
525 2217 705 2294 praecedunt
726 2225 756 2275 et
779 2225 941 2292 sequuntur
957 2236 1056 2276 arcam
1079 2237 1098 2276 a
1114 2217 1227 2278 Levitis
1243 2236 1294 2296 ge·

192 2328 320 2392 statam,
343 2340 371 2377 v.
386 2323 419 2376 27
443 2318 568 2378 amictus
584 2316 712 2378 Davidis
737 2324 767 2376 et
782 2315 963 2393 reliquorum
980 2319 1084 2378 eodem
1106 2319 1168 2378 lere
1191 2319 1295 2378 ordine

193 2421 328 2491 additur3
359 2419 484 2478 alterum
511 2427 608 2478 autem
636 2432 781 2479 usnemun
804 2405 989 2487 ἆσυνδὲτως
1016 2419 1147 2494 positum
1174 2427 1228 2480 est.
1256 2444 1294 2464 -1-

193 2521 227 2598 b)
249 2521 313 2580 Iam
340 2538 411 2577 vero
435 2527 552 2578 constat
574 2519 652 2578 inter
675 2535 777 2578 omnes
799 2517 898 2578 oneris
921 2527 1073 2594 potestas,
1097 2520 1148 2579 ubi
1169 2520 1294 2597 proprio

194 2638 284 2682 sensu
300 2619 409 2698 legitur
426 2638 474 2679 ex.
487 2638 532 2698 gr.
550 2620 654 2698 tReg.
668 2619 707 2682 V.
724 2623 772 2690 27;
789 2617 867 2678 Neh.
881 2619 974 2693 XIII,
994 2623 1035 2680 15.
1054 2625 1100 2693 193
1118 2620 1175 2682 Ies.
1188 2621 1293 2694 XXII,

193 2725 226 2780 m
240 2720 297 2793 al.,
326 2739 380 2779 neo
402 2739 461 2780 nou
482 2719 534 2780 ubi
551 2720 729 2782 transfertur
745 2738 799 2794 per
823 2718 1045 2780 similitudinem
1070 2723 1109 2780 ad
1126 2721 1292 2782 molestiam

193 2830 223 2880 et
248 2839 389 2880 nauseam
415 2820 619 2894 indicandum,
651 2819 761 2882 28999.
775 2820 846 2892 XV,
868 2823 918 2893 33;
940 2820 1084 2896 IobVII,
1107 2827 1156 2894 2ος
1180 2820 1293 2884 28999.

192 2921 287 2996 XIX,
304 2925 348 2980 36.
373 2919 576 2982 Nihilominus
593 2921 692 2982 cneus
708 2919 867 2998 imaginem
879 2920 1051 2997 improbant
1061 2921 1093 2982 in
1106 2923 1293 2984 oraculorum

191 3021 286 3084 titulis
308 3023 487 3096 adversarii,
512 3042 549 3082 ac
563 3022 691 3098 primum
714 3019 849 3099 quidem,
876 3023 907 3100 1)
922 3023 1002 3100 quod
1018 3022 1192 3099 inscriptum
1216 3023 1294 3086 eius-

191 3122 273 3182 modi
291 3123 380 3182 etiem
396 3122 544 3184 vaticiniis
561 3123 617 3196 sit,
642 3141 719 3200 quae
741 3141 802 3181 non
825 3121 886 3182 sint
906 3121 1050 3184 minantia
1066 3123 1292 3203 (nnuman),

190 3223 283 3282 veluti
300 3221 388 3284 Sacb.
401 3223 479 3296 XII,
498 3228 528 3295 13
551 3222 634 3282 cuius
649 3232 853 3300 argumentum
869 3223 943 3283 satis
959 3223 1165 3285 existimamus
1180 3243 1294 3302 „grave

191 3332 222 3381 et
250 3323 391 3397 ponderis
420 3322 592 3399 laborisque
620 3323 739 3399 plenum
747 3327 767 3358 “
796 3341 870 3384 esse.
924 3323 1009 3384 Haec
1036 3333 1133 3386 autem
1159 3326 1293 3386 vaticinii

190 3422 307 3482 indoles
319 3421 476 3482 manifesta
487 3431 622 3498 apparet,
635 3423 661 3483 si
674 3423 793 3484 Israelis
806 3425 924 3484 nomine
936 3419 1108 3500 (aeno-bu
1125 3425 1155 3484 'tt
1171 3442 1228 3488 art
1247 3427 1293 3506 ’9)

191 3541 251 3582 non
268 3538 342 3599 gens
359 3540 445 3582 sacra
461 3522 606 3597 foederis,
628 3524 681 3584 sed
697 3523 807 3582 inimici
824 3525 964 3584 ecclesiae
981 3523 1128 3602 designati
1145 3525 1291 3600 videntur,

190 3623 234 3684 uti
263 3621 416 3684 existimat
443 3623 600 3684 Hunosrn.
626 3622 766 3684 Christol.
779 3624 825 3698 II,
849 3643 879 3701 p.
893 3629 943 3684 272
956 3643 1013 3696 99.;
1042 3626 1187 3701 pernicies
1213 3627 1292 3686 enim

188 3733 313 3802 propter
329 3723 512 3784 inimicitiam
524 3724 801 3802 Hierosolymorum
818 3725 954 3802 gentibus
970 3725 1125 3788 imminens
1137 3747 1192 3804 per
1205 3745 1294 3788 omne

189 3825 246 3884 hoc
269 3826 421 3886 oraculum
443 3825 628 3886 describitur.
666 3822 720 3884 Sin
737 3825 797 3884 alia
812 3824 891 3884 tituli
907 3825 985 3886 ratio
1002 3834 1062 3901 est,
1081 3835 1111 3886 et
1126 3828 1237 3902 Israel,
1260 3837 1294 3888 ut

189 3943 306 4002 semper
321 3926 397 3999 fere,
422 3927 564 4002 populum
583 3925 729 4002 signifieat
744 3925 912 3986 universum
930 3960 968 3970 —
985 3945 1062 4004 quae
1078 3946 1161 3987 snam
1179 3936 1209 3986 99
1224 3929 1293 4005 ipsa

188 4025 388 4085 defensionem
404 4027 497 4086 habet
512 4025 692 4104 explicatio,
715 4026 784 4085 licet
800 4026 955 4086 intricatas
972 4027 1078 4104 capitis
1095 4028 1184 4088 etiam
1201 4047 1292 4087 exau·

187 4134 257 4202 3999
281 4125 470 4186 difficultates
492 4147 542 4183 -ε
574 4127 672 4186 oneris
701 4137 799 4188 tamen
829 4127 984 4206 inscriptio
1015 4147 1074 4187 nou
1101 4129 1199 4189 miuus
1223 4129 1292 4188 iden

187 4223 410 4302 comprobatur.
438 4221 526 4304 'Quid
544 4227 619 4288 enim
638 4228 759 4306 gravius
782 4237 827 4289 est
848 4228 966 4290 funesta
988 4230 1131 4304 fratrum,
1154 4231 1245 4292 Iudae
1263 4239 1293 4290 et
