2954 4784
597 206 669 266 Cur.
684 208 744 304 Ill,
763 227 791 267 v.
807 213 847 267 14.
1205 205 1273 276 113

169 410 225 468 pro
249 391 323 468 ipsis
347 389 444 467 portis
470 390 606 450 videntur
629 391 700 450 dieti
723 411 797 452 esse.
828 427 865 436 -
896 393 1051 454 Resonant
1079 394 1152 454 haec
1174 395 1275 467 verba,

169 492 333 568 paullulum
359 491 477 569 quidem
500 491 671 564 immutata,
696 493 776 568 apud
799 493 969 568 Ieremiam,
992 496 1049 569 LI,
1072 498 1121 553 30:
1150 495 1275 568 „heroos

168 592 290 653 Babelis
308 611 442 668 pugnare
459 605 594 665 cessant,
617 593 702 664 liunt,
717 582 853 654 mulieres
871 591 980 670 (esuri
1011 593 1094 673 ιιι-05
1117 594 1275 656 incendun-

170 701 219 752 tur
234 692 433 752 habitationes
447 692 520 766 eius,
538 693 765 771 confringuntur
783 706 882 756 rectos
900 693 994 754 eius.“

586 1011 621 1085 o.
657 1037 692 1084 v.
715 1015 860 1084 14-19.
921 1106 924 1110 Ι

219 1195 365 1254 Extrema
383 1195 511 1256 vaticinii
528 1195 674 1271 particula
690 1205 801 1256 certam
817 1196 1054 1272 destinatamque
1074 1195 1275 1272 potentissimi

170 1297 254 1372 regni
277 1297 394 1358 ruinam
416 1295 558 1372 proponit
580 1296 765 1357 cumulatius.
790 1297 924 1356 Primum
948 1297 1026 1356 enim
1048 1297 1081 1373 a)
1104 1315 1158 1357 nec
1180 1297 1275 1359 muni·

169 1403 270 1456 menta
286 1395 374 1468 Nini,
393 1415 448 1454 nec
464 1415 617 1456 nnmerum
634 1397 786 1474 copiarum
803 1415 859 1456 nec
876 1415 948 1472 opes
966 1398 1125 1475 quicquam
1148 1397 1186 1458 iis
1203 1417 1274 1474 pro·

169 1497 287 1569 futura,
310 1496 492 1556 locustarum
508 1497 636 1574 imagine
653 1505 795 1574 quattuor
811 1517 850 1558 ex
867 1498 1003 1574 partibus
1020 1498 1170 1574 explicata
1187 1498 1274 1566 doce·¹

170 1605 234 1670 tur,
253 1615 281 1655 v.
297 1601 429 1668 14-173
446 1606 655 1674 comparantur
672 1599 748 1658 enim
765 1598 826 1657 illis
844 1617 879 1658 co
897 1597 1030 1671 nomine,
1048 1598 1129 1675 quod
1145 1598 1274 1675 primum

169 1696 327 1755 multitudo
350 1716 451 1756 earum
475 1698 696 1758 innumerabilis
721 1707 782 1772 est,
810 1698 916 1758 deinde
939 1698 1071 1775 quodet
1092 1698 1275 1760 ineluctabili

170 1815 236 1856 cum
261 1797 403 1856 violentia
431 1807 461 1858 et
483 1817 598 1859 summa
625 1798 714 1858 simul
743 1799 886 1859 facilitate
917 1798 1134 1875 depopulantur
1164 1799 1275 1862 circum

69 1967 87 1992 l
169 1897 286 1969 omnia,
311 1916 371 1974 quo
389 1898 600 1970 consederunt3
629 1899 878 1976 denique'quod,
908 1899 960 1958 ubi
984 1917 1069 1960 suum
1091 1899 1275 1975 reliquerunt

169 1998 283 2070 locum,
306 1998 382 2057 adeo
400 2007 593 2071 evanescunt,
620 2007 654 2056 ut
677 1999 789 2058 nullum
807 2017 908 2058 earum
925 1998 1081 2075 vestigium
1099 2001 1274 2076 reperiatur.

62 2171 67 2184 ι
170 2096 338 2174 Singularis
353 2099 460 2158 haecce
477 2108 567 2174 atquc
583 2098 740 2176 ingeniosa
754 2099 884 2158 maxime
901 2097 1064 2159 similitudo
1079 2099 1207 2160 suniam
1225 2119 1273 2161 or·

169 2198 237 2256 dine
255 2199 371 2257 videtur
388 2198 562 2258 enarranda.
590 2198 738 2259 Hostibus
755 2198 871 2258 nemine
888 2199 1044 2260 resistente
1060 2199 1100 2259 ad
1113 2199 1211 2274 ipsam
1224 2219 1273 2261 ur-

168 2299 236 2357 bem
253 2299 421 2376 progressis
438 2297 481 2374 (v.
497 2299 552 2377 13),
571 2299 758 2375 amplificatis
776 2299 865 2362 etiam
881 2298 1042 2358 firmissimi
1059 2298 1118 2360 loci
1134 2299 1273 2361 munitio·

168 2397 256 2458 nibus
273 2399 377 2476 nequit
392 2399 487 2458 averti
504 2419 532 2458 v.
548 2403 598 2472 14,
623 2399 695 2476 quin
716 2399 817 2476 gladio
842 2407 872 2459 et
894 2399 963 2477 igue
985 2399 1120 2474 capiatur
1137 2407 1167 2458 et
1184 2399 1273 2459 deva·

168 2507 263 2559 stetur
279 2519 308 2558 v.
323 2503 354 2558 15
367 2520 403 2572 a,
427 2499 513 2561 sicuti
537 2499 717 2558 inevitabilis
741 2508 787 2558 est
801 2499 982 2560 locustarum
1005 2499 1214 2575 depopulati03
1238 2518 1275 2560 ao

168 2599 237 2658 licet
250 2599 591 2677 nnmerusAssyriorum
602 2599 734 2677 ingentia
745 2599 864 2658 illarum
872 2600 990 2677 agmina
997 2599 1133 2658 videatur
1144 2619 1273 2676 aequare

168 2720 196 2759 v.
212 2699 290 2773 lib,
316 2708 345 2760 et
363 2709 557 2773 mercatores,
582 2699 634 2777 qni
659 2700 794 2778 ingentes
815 2701 945 2778 undique
968 2717 1040 2776 opes
1063 2708 1232 2778 congerunt,
1240 2701 1272 2760 in
1334 2762 1336 2767 ,

167 2800 312 2873 medium,
331 2801 483 2859 stellarum
500 2800 590 2859 etiam
606 2801 752 2859 excedant
764 2799 979 2860 multitudinem
996 2820 1025 2858 v.
1038 2804 1070 2857 lc
1081 2819 1116 2872 a,
1135 2833 1172 2844 -
1189 2819 1271 2860 reco-

168 2901 234 2960 lant
262 2908 362 2959 tamen
390 2901 485 2960 securi
513 2900 573 2972 illi,
603 2900 752 2973 locustas,
783 2919 904 2977 quoquo
928 2899 1158 2973 descenderunt,
1182 2901 1273 2975 plane

169 3000 271 3060 omnia
283 3001 403 3077 depasci
414 3009 453 3074 et,
473 3000 646 3078 quotidiano
663 3001 721 3058 hoc
737 3000 857 3078 negotio
875 3007 1011 3076 peracto,
1028 2999 1134 3058 leviter
1151 3000 1273 3062 avolare

168 3122 197 3161 v.
211 3105 243 3160 16
256 3102 286 3160 b.
313 3101 397 3160 Licet
414 3119 485 3178 ergo
502 3101 591 3162 duces
608 3100 697 3160 etiam
720 3108 750 3158 et
765 3117 904 3176 proceres
927 3119 1028 3160 eorum
1052 3099 1197 3158 innumeri
1218 3099 1272 3160 im·

168 3220 301 3261 mensam
324 3201 454 3277 prodant
477 3200 561 3277 regni
584 3200 748 3276 potentiam
777 3218 832 3260 nec
859 3207 921 3260 tam
952 3200 1038 3260 facile
1068 3199 1273 3264 existimentur

168 3301 319 3360 evertendi
336 3301 554 3360 —belluarum
571 3301 690 3378 agmina
706 3301 766 3360 ista
783 3301 835 3360 ubi
851 3301 897 3359 vel
917 3300 1016 3362 defixa
1034 3301 1067 3360 in
1084 3299 1187 3376 aliquo
1203 3301 1272 3361 hae-

168 3421 234 3460 rere
249 3401 317 3460 loco
335 3401 505 3474 rideantur,
524 3401 624 3460 subito
642 3409 742 3461 tamen
759 3415 934 3461 evanescere
950 3401 1048 3462 solent
1063 3420 1092 3460 v.
1107 3405 1149 3460 17.

219 3504 255 3580 b)
271 3522 301 3561 v.
317 3505 358 3560 18.
378 3505 422 3576 19.Ι
438 3499 489 3562 Sic
506 3501 622 3560 eveniet
637 3509 671 3559 ut
688 3501 793 3561 summi
810 3510 840 3560 et
855 3500 948 3560 infimi
962 3501 1050 3578 'regni
1066 3501 1145 3560 cives
1161 3500 1275 3578 ingenti

169 3620 276 3661 omnes.
290 3601 429 3661 trucidati
452 3609 551 3678 strage
567 3601 681 3677 passim
702 3601 820 3660 iaceant
835 3620 864 3660 v.
880 3604 928 3674 18,
954 3610 983 3660 et
1003 3600 1136 3660 letiferae
1157 3600 1274 3676 plegae,

168 3720 246 3778 quae
267 3718 367 3777 regem
389 3701 477 3761 simul
500 3709 534 3788 et
554 3710 671 3778 gentem
693 3701 854 3777 percussit,
876 3709 991 3760 tautum
1015 3701 1101 3760 abest
1116 3709 1150 3758 ut
1165 3700 1275 3758 mederi

168 3803 328 3878 quisquam
350 3801 450 3861 valeat
472 3802 597 3876 velitve,
624 3811 658 3860 ut
684 3802 854 3862 universum
876 3801 977 3878 potins
999 3801 1160 3862 humanum
1182 3818 1275 3877 genus

168 3901 311 3962 malitiosi
328 3902 516 3978 oppressoris
540 3912 570 3962 et
593 3902 744 3962 vexatoris
767 3903 892 3962 malefici
919 3901 1117 3962 internecione
1148 3899 1276 3978 gaudeat

169 4011 259 4080 atque
275 4003 415 4076 lactetur,
433 4023 463 4062 v.
477 4008 518 4062 19.
