2954 4808
198 196 241 266 16
616 200 689 263 (lta.
703 203 733 277 Ι,
752 223 780 262 v.
794 205 874 262 t-ss.

194 385 370 462 pretationi,
393 386 446 446 aad
463 385 629 465 theologiae
646 387 837 463 prophetioae
854 387 1052 465 quaerendum
1070 397 1160 466 atque
1176 391 1298 450 inventi·

195 487 326 562 gandum
350 495 410 560 oat3
434 505 493 565 quo
515 487 546 544 in
569 505 675 566 genere
699 507 758 546 non
781 488 920 548 universa
942 489 1038 547 solum
1062 490 1208 550 visionum
1231 509 1298 566 per-

196 587 358 647 scrutanda
373 595 480 646 natura
496 596 555 661 est,
574 589 626 648 sed
643 607 744 648 omnes
760 588 881 646 omnino
898 588 937 648 V.
950 588 1015 662 Ta,
1041 590 1091 667 qni
1107 591 1165 649 huo
1180 591 1297 665 uariant,

193 687 252 746 looi
283 697 419 747 accurate
449 688 637 748 examinandi
660 701 750 766 atque
779 689 855 747 inter
885 707 917 748 se
941 689 1136 748 oontendendi
1160 700 1238 750 suut
1261 723 1299 734 -—

196 787 311 862 Quibus
329 797 470 866 quantum
492 789 556 847 fieri
572 789 684 865 potuit,
708 789 837 848 breviter
859 789 1040 866 indigitatio,
1065 791 1104 849 nd
1125 791 1300 870 interpreta-

194 888 305 948 tionem
322 889 418 966 ipsam
436 907 602 966 pergamus.

696 1162 723 1200 v.
742 1143 792 1199 3b.

249 1295 390 1352 Dominae
407 1325 443 1334 —-
459 1295 491 1348 ta
507 1292 615 1351 turbine
637 1304 666 1351 et
681 1295 811 1370 procella
826 1295 875 1349 eta
897 1296 968 1362 eiua,
992 1301 1019 1351 et
1033 1292 1118 1350 nubea
1135 1294 1231 1368 palera
1248 1311 1301 1368 pe·

196 1397 263 1454 dom
280 1398 346 1454 etat.
374 1408 467 1466 unio,
485 1413 512 1451 a.
531 1413 556 1452 r.
574 1409 628 1469 uio
645 1412 765 1471 rapere,
782 1393 913 1467 auferre,
932 1393 1077 1452 turbinem
1091 1393 1191 1451 omnia
1203 1411 1302 1453 aerum

196 1497 360 1574 rapientem
377 1494 545 1570 'signifieat
589 1493 679 1552 LXX
705 1494 798 1554 Anah.
830 1486 865 1554 ἕν
891 1487 1077 1576 συντελείᾳ,
1111 1493 1143 1551 in
1173 1493 1301 1568 excidio,

194 1597 298 1656 nescio
316 1617 355 1654 an
377 1596 435 1671 uio
457 1593 583 1670 legerint
598 1613 654 1670 pro
671 1607 852 1676 aum-app.
896 1597 987 1655 aanor
996 1593 1051 1652 Iob
1064 1593 1128 1667 IX,
1148 1598 1197 1668 17,
1230 1609 1303 1658 unna

198 1698 256 1757 Ien.
271 1695 418 1767 XXVIII,
436 1699 462 1767 2,
480 1694 547 1753 aliie
564 1695 626 1753 iere
641 1695 715 1754 loeis
736 1708 798 1756 arro
819 1695 888 1754 Am.
901 1694 927 1766 Ι,
947 1699 988 1767 14,
1007 1708 1096 1784 appr>
1114 1693 1171 1754 Iea.
1181 1694 1302 1768 XXIX,

199 1803 232 1870 6,
252 1813 338 1886 ,ηερ
359 1795 523 1872 aReg.11,
543 1799 573 1868 l,
591 1794 724 1871 procella
740 1803 799 1867 est3
825 1794 914 1853 LXX
931 1793 1028 1852 minua
1043 1775 1150 1854 iterum
1167 1801 1304 1856 aeeurate

199 1889 235 1956 ἐν
258 1877 447 1976 συσὰείσμῳ
473 1895 541 1971 (vel
564 1886 690 1976 σείσμῳ
719 1895 794 1956 Ood.
812 1895 938 1973 Alam),
967 1903 1109 1971 sequente
1130 1896 1240 1970 Arah,
1271 1895 1303 1954 in

200 2006 297 2056 terrae
319 2005 410 2056 motu.
452 1995 587 2073 Utraque
614 2013 676 2053 vox
701 1995 744 2056 sio
772 1996 881 2071 legitur
901 1994 954 2054 Pa.
967 1993 1150 2070 LXXXIII,
1170 2001 1217 2070 163
1244 1997 1303 2056 les.

136 2135 141 2150 ι
201 2099 328 2172 XXIX,
352 2104 376 2157 6.
430 2113 501 2165 inm
530 2095 621 2154 Hrrz.
644 2096 708 2155 eain
730 2097 944 2174 Wegmaohen,
967 2095 1020 2154 inf.
1043 2096 1106 2170 Pi,
1134 2104 1168 2156 at
1191 2096 1304 2155 nullum

198 2200 287 2259 huius
311 2199 392 2260 verbi
414 2200 446 2256 in
463 2197 539 2256 coni
558 2195 623 2254 Piel
646 2196 748 2256 usitati
765 2203 849 2256 extat
865 2197 1048 2272 exemplum
1073 2197 1153 2256 viam
1175 2216 1231 2274 pro
1255 2216 1305 2257 ra-

199 2290 281 2358 tione
298 2308 328 2358 et
344 2299 433 2358 modo
450 2297 557 2374 agendi
575 2297 684 2356 dietam
700 2297 917 2374 metaphorioe,
935 2297 1010 2356 bena
1026 2305 1112 2356 notat
1127 2299 1304 2357 Varianus·-

197 2399 381 2476 Saepisaime
398 2408 497 2458 autem
514 2397 571 2456 hao
588 2396 777 2468 similitudine
793 2397 977 2458 vehementia
993 2397 1125 2474 pingitur
1141 2417 1305 2474 poenarum

198 2509 229 2558 et
246 2500 462 2573 calamitatum,
480 2499 533 2557 cfr.
546 2496 602 2556 Iob
614 2498 676 2572 IX,
696 2503 744 2572 173
762 2500 819 2559 Iea.
830 2498 948 2571 LXVI,
968 2501 1014 2570 15;
1031 2498 1088 2558 Iar.
1103 2499 1242 2574 XXXII,
1260 2503 1304 2570 223

201 2601 324 2675 XLIX,
341 2605 392 2673 363
418 2601 471 2660 Er.
486 2600 516 2672 1,
534 2604 566 2670 43
588 2599 640 2658 Pa.
654 2597 694 2672 L,
711 2603 744 2672 33
768 2599 896 2673 IobIX,
916 2603 957 2657 17.
981 2631 1019 2642 -
1048 2594 1128 2664 arbae
1144 2613 1305 2680 paulam,

200 2708 282 2760 atras
300 2703 393 2760 nubes
410 2701 522 2760 excitat
536 2699 706 2758 inoedendo.
741 2700 830 2759 Nube
849 2699 1002 2759 involutus
1024 2699 1096 2758 deus
1118 2698 1150 2756 in
1174 2707 1304 2758 montem

202 2800 286 2864 Sinai
315 2801 467 2862 deseendit
495 2800 594 2859 Exod.
612 2800 705 2874 XIX,
736 2805 777 2859 16.
803 2805 849 2872 183
876 2799 972 2876 legem
1000 2798 1201 2877 promulgavit
1226 2815 1305 2874 aaut>

201 2897 317 2965 bamam
340 2916 411 2978 tritri
433 2916 523 2975 wart,
546 2900 577 2958 in
600 2901 678 2959 nube
694 2901 835 2962 viatorem
856 2900 993 2976 praeibat
1009 2898 1112 2977 populi
1132 2900 1304 2974 exereitum,

201 3001 357 3062 habitabat
379 3021 470 3078 anper
498 3020 569 3061 arca
590 3001 734 3075 foederis3
760 3002 853 3062 nubea
878 3001 998 3060 omnino
1016 3000 1195 3060 comitantur
1218 3001 1305 3060 deum

201 3103 240 3164 ad
256 3103 396 3163 iudicium
412 3103 576 3162 venientem
594 3109 623 3160 et
638 3102 731 3160 filium
748 3103 812 3163 eius
828 3102 886 3162 Iea.
900 3101 993 3175 XIX,
1011 3105 1043 3174 ἲς
1060 3101 1113 3161 Pa.
1126 3100 1253 3174 XCVII,
1271 3105 1303 3173 23

203 3202 283 3275 CIV,
301 3208 332 3275 ὃς
355 3203 434 3262 Dan.
448 3203 521 3276 VII,
547 3207 594 3274 143
616 3203 772 3262 involvunt
792 3203 885 3262 nubea
907 3202 1018 3261 hatum
1041 3202 1114 3262 solis
1142 3211 1304 3278 aspectum,

201 3311 232 3361 et
249 3302 366 3379 fulgura
382 3304 414 3360 in
432 3321 463 3362 aa
485 3303 674 3380 tonitruaque
698 3315 820 3380 gerunt,
843 3303 950 3382 quibus
967 3303 1166 3379 peroelluntur
1181 3302 1306 3362 malefici

201 3403 254 3462 Ps.
270 3403 391 3474 XVIII,
414 3422 442 3464 v.
459 3406 500 3460 10.
521 3398 559 3460 '12
573 3421 629 3475 aa.;
659 3403 880 3464 similitudinem
902 3421 973 3481 ergo
997 3405 1142 3480 praebent
1161 3403 1306 3462 atrocium

204 3503 327 3563 Domini
342 3502 519 3586 iudiciorum
534 3502 598 3562 Ioel
610 3503 655 3576 ll,
673 3509 690 3560 2
712 3500 805 3570 baaru
828 3517 877 3580 1³9
897 3520 960 3584 nit,
983 3504 1074 3581 Zeph.
1088 3505 1113 3578 I,
1134 3507 1180 3576 153
1197 3505 1304 3566 Erech.

204 3603 352 3677 XXXIV,
370 3608 396 3661 2.
423 3603 507 3678 Quae
525 3623 590 3662 enm
603 3612 663 3663 tam
675 3612 780 3681 aperta
796 3605 836 3664 ait
851 3603 989 3684 imaginis
1006 3605 1099 3679 ratio,
1118 3605 1199 3663 nullo
1217 3604 1307 3663 morlo

203 3724 270 3764 oum
299 3704 487 3764 humanato
517 3705 567 3764 all.
598 3706 802 3782 metaphoram
836 3724 855 3764 a
885 3706 959 3764 dure
993 3705 1101 3765 bellico
1129 3714 1306 3782 repetemus,

203 3805 323 3883 agmina
339 3806 372 3865 in
388 3807 481 3867 aoiem
498 3807 653 3881 educente,
671 3825 731 3886 quo
748 3805 870 3883 iusuper
887 3805 984 3867 omnis
1004 3806 1207 3884 exemplorum
1225 3805 1306 3866 ainri-

201 3907 275 3966 lium
291 3907 450 3987 negligitur
464 3906 612 3986 analogia.
