2954 4784
581 171 653 230 (lar.
669 172 728 244 lll,
747 187 775 230 v.
791 176 887 228 8-13.

608 467 650 570 li.
692 523 727 569 v.
747 499 868 570 8-13.

237 661 301 718 Iam
318 678 390 717 vero
408 677 444 717 ue
461 656 559 717 Ninus
577 657 799 733 opportunitate
816 657 891 716 situs
908 664 939 715 et
954 656 1062 733 opibus
1079 657 1192 715 cladem
1208 656 1290 714 illam

186 761 229 837 (v.
250 761 331 837 1-3)
350 768 379 818 et
394 758 588 836 ignominiam
605 758 647 834 (v.
660 760 744 835 4-7)
769 775 859 832 posse
882 765 1015 820 avertere
1037 757 1187 830 videatur,
1212 757 1289 814 The·

186 861 291 920 baram
314 859 437 918 affertur
459 860 644 935 exemplum,
669 859 791 934 quibus,
815 857 859 916 uti
881 857 1086 935 praesagiente
1109 849 1208 916 animo
1226 858 1290 914 iore

187 961 349 1038 aliquando
367 960 442 1018 vidit
458 969 557 1032 vates,
580 977 634 1016 nec
655 957 789 1016 locorum
810 959 899 1033 longe
921 958 1122 1034 praestantior
1146 965 1289 1033 opportu-

187 1060 266 1121 nitas
288 1069 317 1119 et
338 1060 490 1119 firmitudo
508 1063 567 1118 v.8
584 1078 638 1117 nec
653 1059 757 1136 ingens
779 1059 932 1135 copiarum
957 1059 1114 1117 multitudo
1132 1079 1160 1116 v.
1179 1063 1195 1115 9
1218 1077 1290 1133 pro-

187 1162 258 1234 fuit,
282 1162 353 1239 quin
376 1168 530 1236 caperetur
555 1168 584 1218 et
605 1160 720 1217 incolae
745 1159 808 1218 eius
825 1159 856 1216 in
874 1159 1076 1234 captivitatem
1096 1167 1124 1218 et
1140 1158 1290 1218 miseriam

187 1263 401 1321 abducerentur
413 1281 440 1320 v.
456 1266 496 1319 10.
523 1259 615 1318 Haud
631 1259 691 1318 alia
708 1260 779 1332 erit,
797 1259 828 1317 in
845 1279 934 1336 quam
952 1259 1049 1318 Ninus
1066 1259 1191 1331 incidet,
1211 1259 1289 1317 cala-

133 1365 136 1374 *
187 1363 275 1422 mitas
292 1383 320 1421 v.
335 1368 383 1434 11;
409 1361 508 1422 omnia
530 1362 598 1420 loca
614 1359 728 1420 munita
751 1360 832 1418 nullo
850 1361 912 1419 fere
929 1360 1048 1436 negotio
1067 1361 1290 1435 occupabuntur

186 1485 215 1523 v.
230 1468 276 1536 12,
303 1472 332 1522 et
357 1464 430 1522 fines
454 1463 556 1538 elapso
574 1460 756 1521 fortissimae
782 1461 852 1520 olim
870 1461 966 1538 gentis
989 1460 1087 1519 animo
1114 1459 1225 1536 aperti,
1250 1460 1289 1518 ab

186 1564 322 1624 hostibus
339 1563 506 1640 capientur,
525 1583 553 1621 v.
569 1565 624 1619 13.-

639 1833 666 1872 o.
693 1833 721 1873 v.
732 1818 831 1892 Ι8-10.

237 1963 326 2022 Prius
343 1983 432 2042 quam
446 1965 484 2022 ad
499 1964 705 2040 explicandam
719 1965 796 2022 hanc
808 1964 980 2041 pericopam
992 1965 1181 2036 accedamus,
1199 1983 1289 2041 quae·

185 2065 310 2124 rendum
326 2073 389 2138 est,
409 2066 529 2142 quando
547 2066 728 2142 expugnatio
745 2065 798 2123 illa
816 2065 1001 2137 Thebarum,
1023 2065 1059 2124 de
1077 2084 1137 2143 qua
1153 2064 1288 2141 legimus,

186 2175 216 2224 et
233 2185 252 2224 a
269 2185 329 2242 quo
347 2167 465 2225 tandem
482 2167 563 2225 iacta
579 2166 699 2224 omnino
718 2185 782 2226 esse
798 2165 953 2224 videatur?
980 2163 1060 2224 Satis
1084 2165 1217 2224 diversae
1243 2165 1288 2222 in-

182 2274 349 2342 terpretum
366 2267 402 2324 de
419 2267 475 2325 hac
488 2267 661 2344 quaestione
673 2267 835 2325 extiterunt
848 2265 1027 2339 sententiae,
1046 2286 1063 2323 e
1080 2265 1204 2343 quibus,
1223 2285 1288 2324 cum

185 2367 307 2443 longum
326 2367 379 2439 sit,
398 2386 568 2426 enumerare
586 2368 625 2426 ad
641 2387 731 2425 unam
746 2385 863 2440 omnes,
881 2367 1073 2442 gravissimas
1089 2366 1225 2443 deinceps
1243 2385 1288 2424 re·

186 2465 379 2526 censebimus.
406 2466 474 2541 Quo
499 2471 580 2526 facto
596 2467 661 2526 fieri
688 2485 747 2525 non
771 2485 862 2542 posse
884 2467 1098 2543 intelligemus,
1122 2476 1155 2526 nt
1178 2468 1288 2526 iactum

187 2567 310 2642 aliquod
334 2568 526 2642 praeteritum
548 2567 656 2643 respici
680 2575 861 2641 statuamus,
887 2567 956 2626 licet
977 2567 1067 2644 longe
1088 2568 1223 2644 plurimis
1244 2567 1288 2626 ita

186 2667 347 2742 placuerit,
370 2685 424 2726 nec
441 2667 537 2743 prima
552 2669 710 2726 verborum
728 2667 841 2743 species
860 2669 919 2726 tale
936 2668 1007 2744 qnid
1024 2687 1085 2726 non
1103 2669 1227 2727 suadere
1244 2668 1287 2728 vi·

185 2767 305 2840 doatur,
321 2768 382 2825 imo
401 2769 565 2827 futuram
584 2767 733 2845 quandam
751 2768 864 2826 cladem
881 2768 1090 2844 praenuntiari.

237 2870 283 2926 Ac
299 2868 425 2944 primum
444 2867 578 2945 quidem,
605 2869 629 2928 si
656 2869 687 2926 in
704 2869 772 2944 ipsa
789 2869 866 2927 vatis
883 2869 1067 2946 inquiramus
1083 2869 1192 2940 verba,
1217 2887 1287 2926 num

185 2969 317 3047 aliquam
334 2969 524 3044 suppeditent
540 2969 603 3028 eius
620 2969 716 3045 gentis
739 2969 963 3045 cogitationem,
990 2970 1029 3028 ad
1051 2989 1141 3046 quam
1162 2969 1288 3028 victoria

185 3081 215 3128 et
231 3069 413 3145 expugnatio
431 3069 583 3128 referenda
600 3069 656 3142 sit,
674 3069 747 3128 nihil
765 3069 885 3128 omnino
903 3069 968 3128 elici
980 3078 1096 3146 potest3
1115 3071 1171 3128 hoc
1188 3078 1286 3132 tamen

183 3169 333 3228 affirmare
350 3188 406 3243 pro
424 3177 504 3227 certo
522 3169 677 3242 debemus,
702 3169 739 3228 ab
757 3171 898 3230 universa
922 3169 981 3228 loci
997 3171 1096 3228 indole
1119 3179 1149 3228 et
1172 3170 1286 3229 ratione

180 3269 328 3326 neminem
349 3268 467 3344 longius
492 3271 597 3328 abesse
621 3289 709 3346 quam
741 3271 771 3349 l)
794 3271 877 3345 ipsos
901 3269 1106 3346 Assyrios3
1142 3271 1174 3328 id
1205 3271 1286 3347 quod

182 3369 276 3444 probe
289 3369 442 3443 perspexit
449 3370 581 3428 Ewsunr
591 3371 750 3447 sagacitas,
764 3379 794 3428 et
805 3370 934 3444 (iusum,
944 3371 995 3447 qui
1006 3389 1072 3430 cum
1081 3371 1186 3430 antea¹
1198 3371 1287 3447 longe

180 3469 267 3528 aliter
283 3468 457 3542 iudicasset,
475 3469 589 3528 serius²
604 3470 729 3547 ingenue
747 3472 902 3530 concessit.
925 3471 1033 3530 Nonne
1047 3472 1139 3544 enim,
1159 3472 1185 3532 si
1197 3472 1283 3533 aliter

177 3577 275 3642 esset,
300 3567 402 3646 aliqua
425 3570 627 3628 atrocissimae
653 3569 772 3629 talionis
800 3571 881 3629 facta
903 3571 1013 3630 mentio
1040 3571 1164 3630 fuisset?
1190 3592 1285 3649 neque

179 3677 280 3745 potest
296 3671 473 3746 exprobrari
490 3671 595 3742 nobis,
619 3671 700 3746 quod
723 3689 911 3746 peromnem
928 3671 1060 3730 Nahnmi
1086 3671 1194 3730 librum
1212 3673 1283 3730 taci-

178 3777 240 3828 tam
263 3778 293 3829 et
317 3771 403 3847 quasi
432 3772 578 3830 occultam
605 3769 829 3829 retributionem
860 3770 1099 3848 indigitavimus3
1130 3792 1166 3830 ea
1196 3773 1282 3843 enim,

178 3871 280 3946 qualia
297 3878 396 3943 erant,
414 3871 581 3929 universam
600 3872 794 3946 Assyriorum
812 3873 919 3947 agendi
937 3871 1082 3930 rationem
1100 3873 1282 3944 referebant3

228 4111 254 4172 l)
272 4111 325 4160 cn.
345 4125 435 4160 comm.
453 4112 479 4160 in
497 4111 548 4162 Ies.
568 4112 594 4174 l,
613 4113 660 4163 641
682 4127 715 4162 ss.
733 4113 793 4163 vide
811 4115 845 4164 sis
863 4114 931 4163 inira
949 4131 968 4165 s.
988 4131 1012 4165 n.
1032 4116 1078 4166 1v.

228 4194 254 4253 2)
272 4193 325 4243 Cir.
343 4195 473 4244 Hallisclre
491 4197 724 4260 Literaturzeitung
744 4199 818 4259 1841,
836 4198 886 4248 Νο.
902 4203 924 4247 l.
