2954 4784
211 151 259 222 30
489 145 492 160 ”
623 152 897 228 Car.1,v.i-ll.

262 341 293 418 2)
316 339 366 400 Ad
388 338 512 400 alteram
535 339 754 416 quaestionem,
781 339 903 416 quinam
930 339 1082 415 patiantur
1104 339 1312 416 calamitatem,

211 441 331 518 plurimi
353 457 457 500 rursus
480 439 669 515 interpretes:
698 441 858 516 Assyrios,
881 439 1075 515 respondeum
1100 442 1222 520 reliqui,
1247 444 1313 502 Mn-

210 557 359 613 nocunn,
387 540 532 612 Tuumne,
550 540 688 612 Manem,
705 541 824 614 Meum,
843 540 988 600 Honunu.
1006 542 1100 616 probe
1117 541 1156 600 ad
1172 543 1312 604 Israelem

211 643 357 713 referunt,
387 640 494 718 quibus
521 658 579 699 non
604 640 773 700 dubitamus
801 641 948 701 assentiri.
990 640 1069 702 Nam
1092 643 1125 720 a)
1144 642 1238 702 altera
1260 644 1314 702 illa

209 752 292 804 stare
314 741 434 800 omnino
459 741 562 818 nequit
584 741 742 800 sententia:
780 742 863 814 „hac
882 741 947 802 vice
968 741 1012 800 ita
1036 760 1091 802 vos
1115 742 1228 819 affliget
1254 763 1314 804 una

211 845 303 921 plaga
318 841 417 914 Dens,
442 851 475 900 ut
491 841 667 916 repetitione
690 859 765 918 opus
782 860 843 900 nun
866 842 920 914 sit,
944 861 1003 901 una
1023 843 1114 918 plaga
1131 862 1185 902 vos
1202 843 1313 919 planis·

211 945 286 1004 sime
296 941 520 1020 pessumdabit“
533 939 766 1016 (QursroaeruS,
775 941 1313 1023 Faaeun.,Unmnn1r.,Ew.‚H1rz.);

211 1045 277 1118 vel,
300 1043 352 1102 ubi
368 1061 385 1100 e
400 1042 516 1102 Burro
533 1042 678 1104 sententia
699 1042 849 1102 alludatur
868 1043 907 1104 ad
923 1042 1015 1102 Ionae
1037 1043 1201 1104 orationes:
1232 1063 1314 1116 „non

208 1147 317 1204 iterum
334 1151 436 1220 surget
451 1142 650 1219 poenitentiae
667 1143 820 1219 augustia,
839 1162 916 1202 nunc
932 1152 998 1204 rnet
1016 1143 1139 1204 exitium
1157 1143 1232 1222 (l)“
1238 1165 1246 1216 3
1266 1144 1315 1204 vel

209 1248 350 1322 insuper,
376 1244 402 1304 si
424 1244 463 1302 ad
485 1243 615 1320 priorem
638 1243 737 1316 illam„
763 1260 854 1321 quam
876 1243 974 1317 aiunt,
999 1245 1108 1304 iactam
1132 1245 1169 1304 ab
1195 1246 1314 1304 Arbace
1391 1251 1393 1255 ’

209 1344 461 1423 expugnationem
477 1344 668 1420 respiciatur:
687 1363 725 1402 ex
742 1363 779 1402 ea
796 1345 913 1422 quidem
925 1344 1112 1420 respirastis,
1130 1363 1209 1404 nunc
1225 1345 1315 1421 plane

209 1444 438 1523 exstinguemiui
454 1444 645 1522 (Karmara.)
687 1444 764 1504 Tale
780 1445 852 1523 quid
874 1445 950 1504 enim
972 1445 1080 1504 idoneo
1103 1445 1315 1506 sententiarum

210 1547 301 1608 nexui
317 1547 405 1624 plane
422 1545 602 1604 contrarium
620 1557 680 1617 est3
699 1564 789 1622 quam
802 1545 952 1606 atrocibus
965 1547 1004 1606 ab
1016 1545 1103 1604 initio
1117 1546 1217 1607 verbis
1228 1565 1313 1622 prae·

211 1648 340 1708 dicatum
368 1654 427 1719 est,
459 1646 609 1723 quomodo
633 1645 727 1704 iratus
749 1645 897 1706 Dominus
923 1645 1059 1707 inimicos
1085 1663 1156 1706 snos
1181 1646 1315 1708 funditus

211 1756 340 1820 evertat,
359 1779 394 1788 -
418 1753 448 1805 et
466 1765 555 1824 quam
571 1746 706 1823 languet,
731 1746 755 1806 si
773 1747 916 1810 dicentem
932 1765 1011 1806 nunc
1033 1745 1151 1807 facetiae
1182 1765 1243 1806 non
1267 1747 1314 1807 bis
1345 1791 1349 1800 .

184 1849 242 1922 ,in
272 1847 470 1908 calamitatem
499 1845 626 1920 incides,
658 1847 710 1908 sed
737 1848 839 1906 statim
862 1856 892 1906 te
918 1847 1047 1908 delebit?
1089 1847 1125 1924 b)
1140 1847 1219 1906 Tum
1242 1867 1314 1906 vero

211 1947 388 2025 respiciendi
405 1954 490 2007 erunt
506 1967 534 2006 v.
551 1951 583 2005 12
601 1955 629 2006 et
652 1946 699 2021 ll,
719 1952 749 2019 13
773 1947 824 2008 ubi
840 1966 906 2007 cunr
924 1957 1026 2024 aperte
1041 1948 1219 2008 Iudaeorum
1235 1948 1314 2008 cala·

211 2050 329 2110 mitates
346 2050 384 2108 ab
407 2047 545 2125 Assyriis
569 2055 693 2125 paratae
720 2048 779 2106 iam
805 2049 836 2108 in
860 2067 896 2106 eo
918 2068 984 2108 esse
1013 2058 1047 2108 ut
1069 2049 1205 2110 desinant
1227 2068 1314 2125 prae·

211 2151 353 2223 dicentur,
371 2151 445 2208 haec
460 2167 580 2227 qnoque
592 2150 685 2208 verba
700 2149 740 2208 ad
756 2149 879 2208 eandem
896 2149 1044 2226 exigenda
1061 2167 1195 2210 normam
1212 2156 1313 2224 erunt,

211 2235 338 2328 deniq'ue
354 2263 421 2308 nus
441 2249 471 2308 in
488 2249 545 2310 hoc
562 2269 649 2314 versu
665 2247 778 2326 releget
794 2250 925 2328 legentes
942 2249 981 2308 ad
999 2265 1065 2310 runs
1086 2269 1114 2308 v.
1127 2253 1160 2322 7,
1184 2250 1314 2327 quaeda

211 2351 322 2412 Israele
339 2349 467 2410 valebat.
511 2411 513 2415 ,

263 2452 323 2510 Hic
344 2450 435 2527 igitur
454 2449 579 2510 idoneus
602 2450 758 2510 verborum
783 2469 887 2511 sensus
911 2458 971 2510 est:
1009 2450 1081 2526 quid
1104 2469 1175 2524 vos,
1201 2451 1313 2526 ludaei,

212 2551 351 2630 cogitatis
369 2551 406 2610 de
422 2549 575 2612 Domino?
600 2550 739 2628 quidnam
756 2551 988 2627 exspectandum
1005 2551 1044 2611 ab
1061 2570 1097 2609 eo
1115 2551 1314 2612 existimatis?

211 2652 362 2730 putatisne
378 2669 434 2712 ,vos
455 2647 515 2710 ium
532 2651 579 2718 ira
602 2669 658 2710 sua
678 2651 743 2713 fure
766 2652 952 2718 exstinctos?
979 2645 1145 2727 imovero,
1168 2652 1314 2729 Assyrios

211 2754 382 2830 exstinguet
397 2752 448 2810 ille
465 2760 556 2829 atque
572 2750 695 2813 delebili
721 2772 759 2812 ne
775 2752 953 2829 opinemini,
976 2771 1042 2812 cum
1059 2772 1153 2829 nuper
1175 2753 1206 2812 in
1222 2771 1313 2832 augu-

212 2855 286 2916 stias
304 2863 334 2912 et
349 2852 527 2930 gravissima
549 2860 684 2929 tempora
704 2847 882 2927 incideritis,
905 2853 1001 2912 redire
1023 2853 1125 2912 eadem
1146 2854 1185 2916 ab
1210 2853 1315 2914 iisdem

211 2955 364 3027 hostibus3
395 2953 469 3026 imo,
494 2971 654 3030 numquam
676 2963 781 3014 contra
797 2973 851 3014 vos
873 2955 993 3014 reducet
1014 2955 1134 3031 agmina
1158 2973 1227 3027 sua,
1249 2953 1315 3030 ipse

213 3056 369 3116 confestim
388 3053 444 3114 erit
461 3054 633 3115 devastatus
650 3063 681 3114 et
697 3055 861 3116 sublatura
877 3055 989 3115 mediol
1014 3053 1099 3129 Quae
1111 3074 1177 3114 cum
1190 3055 1233 3114 ita
1245 3055 1313 3128 sint,

212 3176 300 3216 omne
317 3153 640 3230 Nahumilvaticinium
662 3155 742 3216 hisce
763 3156 863 3216 verbis
886 3155 1031 3215 contineri
1055 3163 1085 3215 et
1107 3155 1315 3232 comprehendi

213 3256 362 3328 videmus,
386 3254 493 3332 quibus
509 3255 618 3316 anxios
641 3263 671 3316 et
692 3256 836 3316 sollicitos
853 3257 1029 3316 Iudaeorum
1046 3256 1162 3316 animos
1180 3256 1316 3316 consola·

212 3365 308 3429 retnr,
327 3355 532 3432 desperatione
548 3355 677 3416 deiectos
694 3357 733 3416 ad
750 3375 833 3433 spem
850 3365 879 3415 et
897 3357 1103 3416 confidentiam
1119 3364 1281 3416 revocarat.

264 3457 328 3516 Iam
346 3474 432 3528 vero,
451 3456 476 3516 si
493 3456 533 3516 ad
547 3456 689 3517 lsraelem
705 3465 800 3516 totum
817 3458 962 3534 respicere
979 3475 1095 3516 versum
1113 3457 1315 3536 intelligimus,

213 3577 360 3637 quaenam
381 3556 434 3615 illa
450 3557 587 3633 angustia
604 3564 665 3630 est,
689 3577 766 3634 quae
788 3557 879 3616 semel
896 3557 1014 3635 quidem
1035 3557 1145 3633 pressit
1160 3559 1315 3636 populum,

213 3678 268 3718 nec
291 3658 458 3735 repetetur?
500 3655 571 3718 Non
594 3675 684 3734 posse
704 3657 763 3719 nisi
785 3658 822 3716 de
838 3656 996 3718 Sanheribi
1017 3657 1048 3717 in
1074 3668 1183 3718 terram
1200 3677 1316 3718 sacram

213 3760 378 3837 irruptione
395 3757 536 3834 cogitari,
555 3765 632 3817 recte
648 3757 905 3818 viditMauaans
914 3780 922 3831 3
939 3759 1076 3837 idemque
1093 3760 1154 3817 fere
1171 3759 1316 3818 hebraeus

214 3860 398 3920 Hrenonrnr
420 3858 575 3934 magister:
602 3877 690 3931 „non
715 3859 814 3917 tradet
836 3857 922 3935 vobis
943 3857 1048 3919 ludam
1072 3867 1101 3918 et
1117 3859 1315 3931 Hierusalem,

216 3962 293 4022 sicut
308 3958 431 4019 tradidit
446 3958 532 4016 vobis
551 3957 649 4017 decem
672 3958 767 4018 tribus
790 3967 819 4017 et
836 3957 1043 4033 Samariam;“
1067 3959 1210 4020 eiusmodi
1226 3959 1317 4035 igitur

215 4061 434 4120 tribulationem
451 4077 510 4116 non
527 4058 633 4118 iterum
649 4060 792 4119 adversus
804 4059 931 4120 Iudaeos
949 4079 1126 4137 consurgere
1140 4061 1210 4119 dicit
1221 4068 1316 4131 vates,

215 4177 415 4238 necunquam
434 4159 627 4236 Assyriorum
649 4161 738 4221 etiam
756 4160 903 4222 exercitus
920 4170 988 4220 ante
1006 4169 1110 4237 portas
1128 4161 1208 4222 urbis
1226 4161 1317 4220 collo·
