2954 4808
199 195 244 264 10
620 196 693 256 Cart
707 197 737 268 I,
755 217 783 254 v.
798 201 877 254 2-6.

194 384 317 460 perfecti
335 390 363 441 et
379 380 509 441 absoluti
526 380 609 438 notio
627 391 728 456 aperte
750 379 835 453 insit,
859 381 946 456 longe
970 385 1066 438 tamen
1089 381 1175 440 abest
1191 383 1229 440 ab
1245 403 1295 454 eo,

195 494 229 543 ut
246 483 276 545 S.
296 482 453 542 Trinitatis
471 481 611 558 cogitatio
636 483 757 542 subesse
775 481 925 550 videatur,
949 479 1115 558 ubicunque
1136 482 1215 540 idem
1231 503 1298 542 ver-

193 587 265 644 bum
281 594 327 643 ter
343 584 500 660 repetitum
517 591 570 642 cst.
596 583 844 642 Pertinstautem
861 581 935 640 ultio
953 581 1001 639 dei
1018 581 1056 640 ad
1073 581 1210 642 inimicos
1223 584 1297 657 eius,

193 705 319 764 quorum
342 703 464 744 numero
488 685 691 758 comprehensi
720 683 808 742 etiem
831 702 933 743 sacrae
962 682 1058 758 gentis
1085 682 1187 742 hostes
1213 694 1296 758 sunt3

193 807 262 846 nem
278 787 480 846 israelitarum
498 784 661 843 adversarii
682 784 772 843 iidem
795 791 865 843 suut
882 782 1009 854 domiui;
1031 782 1085 840 cir.
1102 783 1162 841 Ex.
1174 785 1296 859 XXIII,

192 893 235 946 11.
269 887 407 965 Denique
425 893 562 962 quartum
579 887 757 956 membrum,
783 883 877 944 tribus
895 883 981 960 quasi
1004 884 1177 959 respondet:
1207 901 1295 950 mom

192 981 218 1049 ’Β
240 1003 308 1053 nan.
349 993 410 1046 'ror
428 985 589 1058 custodire,
613 1005 732 1044 servare
750 971 835 1044 Cant.
849 984 880 1058 I,
898 988 929 1056 83
953 984 1043 1057 VIII,
1063 989 1104 1043 11.
1124 989 1170 1058 12,
1195 1004 1295 1062 quem-

193 1087 352 1146 admodum
374 1089 443 1146 unm
463 1086 518 1144 Iob
531 1087 578 1158 X,
598 1091 644 1158 143
670 1087 774 1145 Ierem.
787 1085 849 1158 III,
867 1088 899 1158 5,
923 1084 1096 1162 plerumque
1119 1087 1156 1144 de
1178 1093 1296 1145 servata

194 1187 367 1246 offensionis
384 1186 527 1246 memoria
544 1185 635 1244 stira
652 1187 773 1259 dicitur,
791 1185 843 1246 Ps.
858 1184 946 1258 0111,
964 1190 998 1258 93
1015 1186 1118 1244 Ierem.
1132 1187 1192 1258 III,
1210 1189 1238 1244 5.
1252 1191 1294 1258 tt,

192 1287 326 1348 similiter
350 1286 535 1346 'coniunctum
558 1306 623 1345 eum
646 1301 703 1362 Dp)
724 1286 795 1346 Lev.
810 1285 904 1359 XIX,
930 1290 970 1344 18.
1005 1286 1189 1345 Lernaeus:
1213 1289 1296 1359 „und

192 1391 244 1448 der
260 1408 291 1448 es
310 1389 409 1448 seinen
422 1388 554 1446 Feinden
571 1388 652 1447 nicht
669 1386 951 1466 vergessen'wird.“
986 1386 1156 1446 summos:
1181 1388 1293 1464 „signi-

190 1492 259 1549 ficat
281 1491 367 1550 deum
389 1491 545 1568 perperam
566 1489 717 1548 aestimari
743 1508 781 1548 ex
809 1489 988 1561 cessatione,
1014 1488 1172 1546 nonenim
1196 1497 1296 1564 torpet

191 1610 285 1668 neque
303 1597 471 1663 cunctetur,
490 1589 543 1650 sed
558 1589 634 1648 iram
651 1595 762 1649 tenet.“
797 1587 888 1646 LXX
911 1581 1066 1668 ἐξαίρων,
1094 1589 1296 1648 et‘Arabicse

145 1727 147 1732 «
186 1677 393 1750 'translationis
410 1699 527 1749 auctor:
551 1685 636 1750 siml
661 1714 723 1790 5»
732 1695 794 1774 >92
817 1702 846 1749 et
862 1690 928 1767 ipse
944 1689 1029 1749 tollet
1045 1690 1146 1749 hostes
1168 1708 1239 1749 suos
1256 1723 1293 1734 -

190 1791 298 1868 legisse
315 1791 451 1849 videntur
472 1785 544 1856 trent
566 1809 621 1866 pro
639 1805 720 1851 rom
1091 1814 1094 1820 ·
1176 1797 1180 1804 “

594 2043 597 2046 ’
691 2062 719 2102 v.
738 2045 789 2102 3a.

240 2194 379 2253 Dominus
397 2194 495 2252 turdus
511 2193 659 2272 (quidem)
677 2195 717 2251 ad
736 2197 824 2264 irum,
846 2195 896 2252 sed
909 2212 1026 2270 magnus
1048 2203 1089 2254 est
1110 2194 1221 2264 robore,
1243 2211 1293 2252 nec

189 2298 323 2352 insontem
345 2296 552 2372 (quemquam)
575 2296 709 2352 declarem
750 2292 841 2367 Cum,
865 2295 916 2372 qui
939 2303 1019 2354 tenet
1044 2314 1141 2354 secum
1164 2295 1240 2352 iram
1257 2297 1293 2352 'et

189 2394 289 2452 differt
304 2395 462 2468 ultionem,
486 2395 590 2453 tollere
606 2415 671 2452 eam
690 2395 809 2454 omnino
832 2395 979 2468 videatur,
1004 2416 1042 2454 ne
1058 2395 1118 2454 tale
1135 2394 1207 2473 quid
1222 2413 1291 2470 pec-

189 2503 304 2554 catores
326 2496 363 2554 de
388 2496 443 2553 deo
466 2514 580 2554 summo
603 2495 776 2572 opinentur,
801 2496 936 2554 concedit
957 2496 1075 2573 quidem
1096 2495 1217 2572 longum
1242 2496 1291 2555 dei

188 2592 317 2653 animum
335 2604 364 2654 et
379 2594 569 2672 patientiam,
593 2603 625 2654 at
640 2596 821 2655 tremendam
838 2597 901 2656 eius
923 2597 1072 2674 energiam
1089 2596 1183 2656 simul.
1193 2596 1289 2667 docet,

188 2704 218 2754 et
238 2695 396 2768 iustitiam,
425 2715 486 2773 que
507 2696 651 2754 neminem
674 2715 731 2772 pro
753 2696 870 2755 insonte
891 2697 994 2770 hebet,
1022 2696 1080 2756 nisi
1102 2697 1154 2774 qui
1177 2715 1289 2772 poenes

187 2797 364 2873 promeritas
380 2797 476 2855 luerit.
505 2813 566 2885 opp
582 2815 638 2873 pro
659 2813 722 2885 surg
744 2797 853 2856 dictum
871 2798 924 2856 eir.
944 2796 1061 2856 Gnsnn.
1080 2797 1187 2874 Lehrg.
1202 2798 1288 2874 5133,

186 2901 220 2971 23
242 2912 317 2958 naeu
334 2897 430 2958 dualis
448 2897 532 2956 verbi
557 2896 671 2974 species
693 2915 747 2972 per
763 2897 985 2957 similitudinem
1002 2899 1040 2956 ab
1062 2905 1191 2975 utroque
1212 2917 1288 2956 naso

76 3041 83 3056 ,
185 2999 288 3056 inflato
310 2999 455 3059 translata
476 2998 552 3056 iram
576 2999 731 3075 significet.
764 2998 937 3058 Delibatum
960 3007 1006 3060 est
1025 2999 1083 3056 hoc
1100 2997 1216 3056 dicendi
1237 3015 1288 3074 ge·

185 3117 257 3171 nus,
287 3101 367 3176 quod
396 3099 491 3176 probe
518 3099 647 3158 reddidit
674 3098 770 3156 Cleold.
801 3117 846 3161 ur
877 3111 995 3176 paura,
1019 3119 1037 3158 e
1063 3099 1163 3158 verbis
1186 3097 1288 3158 Exod.

185 3199 333 3273 XXXIV,
352 3205 382 3259 6:
418 3199 588 3273 „Dominus
604 3199 688 3258 Deus
705 3199 872 3259 misericors
896 3207 925 3257 et
948 3200 1074 3260 clemens
1097 3207 1158 3272 est,
1182 3198 1286 3276 longe-

185 3298 273 3356 uImIs
290 3307 320 3356 et
335 3300 538 3359 misericordia
552 3301 669 3376 pollens
691 3309 721 3358 et
737 3301 861 3358 veritate
869 3305 901 3372 ,⁶⁶
925 3319 1002 3378 quae
1017 3301 1142 3360 recitata
1161 3300 1226 3358 iere
1247 3300 1289 3358 sd

185 3400 306 3456 verbum
334 3408 403 3458 suut
423 3399 514 3457 Num.
530 3400 668 3473 XIv,..17
675 3419 683 3470 3
713 3399 836 3473 IoeIII,
862 3405 907 3471 133
938 3400 1061 3460 Nehem.
1076 3401 1138 3472 IX,
1158 3405 1205 3472 173
1232 3399 1285 3459 Ps.

183 3499 365 3572 LXXXVI,
390 3503 436 3572 153
461 3499 547 3573 0111,
570 3503 603 3572 83
628 3498 750 3573 CXLV,
773 3505 805 3573 8,
830 3509 860 3559 et
880 3501 996 3562 reddita
1017 3501 1118 3578 aliqua
1140 3503 1178 3558 e'x
1200 3509 1290 3577 parts

183 3601 234 3660 Ps.
244 3600 423 3674 LXXVIII,
442 3605 492 3673 383
511 3599 566 3674 01,
583 3605 601 3658 4
607 3623 617 3674 ς
634 3601 686 3660 sed
699 3619 758 3659 uon
770 3619 841 3676 erga
852 3603 919 3677 pios
936 3602 1047 3673 solnm,
1067 3619 1168 3660 verum
1182 3619 1287 3661 omnes

183 3701 272 3760 etiam
295 3701 427 3761 homines
444 3702 567 3779 longum
584 3701 632 3760 dei
648 3700 778 3780 anisnurn
801 3719 868 3760 esse
889 3703 976 3761 docet
995 3704 1085 3761 Ionas
1102 3701 1157 3774 IV,
1173 3705 1208 3774 2,
1234 3703 1289 3778 qui

182 3811 284 3861 notum
314 3804 371 3860 hoc
393 3803 450 3862 sibi
471 3804 657 3875 iamdudum,
685 3821 763 3861 nunc
784 3802 881 3860 denuo
903 3803 1085 3862 intellexisse
1107 3801 1194 3874 dicit,
1219 3819 1285 3860 eum

182 3903 253 3961 deus
277 3903 315 3960 ad
336 3904 487 3962 interitum
505 3904 641 3981 Assyriis
664 3902 898 3961 annuntiandum
921 3904 1047 3980 primum
1074 3921 1138 3962 sese
1155 3901 1285 3962 misisset

181 4001 309 4074 Ninum,
334 4011 486 4079 praestata
502 4012 599 4080 autem
617 4003 813 4080 poenitentia,
839 4012 1025 4062 cunctaretur
1041 4004 1198 4062 immittere
1213 4021 1285 4079 poe·

181 4121 265 4175 nam,
289 4122 317 4160 v.
338 4108 378 4162 10.
395 4099 446 4162 n.
477 4104 588 4178 ¹Quare
613 4125 678 4164 cum
708 4105 816 4182 longus
839 4103 886 4163 dei
916 4105 1031 4164 animus
1062 4104 1111 4162 diu
1134 4101 1284 4164 retardato

180 4201 374 4278 Assyriorum
391 4203 512 4264 interitu
528 4205 636 4264 eximie
659 4206 748 4264 fuerit
769 4202 930 4280 probatus,
956 4205 994 4264 ad
1012 4207 1103 4266 Ionae
1126 4205 1217 4267 verba
1239 4225 1284 4264 re·
