2954 4784
636 172 708 232 Otr.
724 173 771 247 Il,
789 195 816 234 v.
832 177 857 232 7.
1251 172 1297 243 67

627 267 649 309 J

193 359 300 419 mentis
323 365 440 435 posset,
471 357 562 416 scutis
586 357 724 416 nimirum
748 358 910 417 maioribus
934 356 1016 417 illis¹
1042 359 1108 418 solo
1132 361 1297 440 infigendis,

193 461 302 540 quibus
320 460 379 522 tela
399 459 566 534 ingruentia
589 457 749 517 defendunt
772 459 934 536 sagittarii3
958 467 989 518 at
1006 461 1044 518 ab
1069 459 1106 520 iis
1123 480 1182 520 non
1200 472 1298 523 tanto·

192 580 263 638 pere
280 559 443 618 timendum
460 567 524 618 erat
541 559 736 636 oppugnatis3
761 560 857 618 omnis
875 568 972 618 eutem
990 562 1200 621 sententiarum
1224 565 1298 623 ordo

191 671 283 739 atque
304 677 481 737 progressus
504 659 669 719 machinam
690 660 821 737 aliquam
838 661 952 738 arguit,
976 679 1053 737 quae
1071 681 1216 722 summurn
1238 665 1299 725 illis
1397 738 1404 750 ⁵

192 767 336 820 terrorem
359 761 505 832 iniiceret3
528 760 634 819 deinde
659 769 813 836 portarum
835 761 996 836 patefactio
1019 763 1174 822 confestim
1196 765 1299 825 addin

191 867 250 922 v.'l
268 861 443 920 testudinem
461 861 629 920 arietariam
646 851 765 938 exigeie
781 861 918 921 videtur..
933 861 1000 936 Quo
1018 861 1048 920 in
1065 881 1171 940 genere
1187 885 1226 923 ex
1238 867 1299 926 As-

193 962 344 1039 syriorum
360 969 506 1038 apparntu
523 962 630 1020 bellico
654 981 715 1020 non
732 971 841 1021 temere
858 961 1059 1022 concludendo
1076 963 1188 1042 aliquid
1211 965 1298 1025 elicu-

192 1064 254 1123 isse
275 1062 409 1121 videmur
431 1062 468 1120 de
488 1062 584 1121 Medis
607 1069 637 1122 et
656 1062 849 1141 Babyloniis;
873 1047 1119 1122 considerandum
1141 1073 1187 1124 est
1210 1065 1297 1140 enim',

193 1163 332 1222 diuturno
356 1161 472 1239 imperii
494 1163 612 1221 vinculo
636 1170 665 1221 et
686 1182 801 1236 morum
824 1163 1029 1222 communione
1051 1181 1102 1224 eos
1120 1183 1185 1224 cum
1202 1168 1299 1245 Assy·

192 1264 246 1322 riis
263 1263 355 1323 fuisse
376 1271 529 1323 contentos
535 1285 543 1335 3
567 1271 629 1322 tum
652 1283 725 1323 vero
742 1263 927 1341 Babylonios
944 1264 1072 1324 admotis
1089 1265 1220 1326 turribus
1243 1283 1298 1345 op·

192 1363 265 1440 pida
282 1383 472 1441 oppugnasse
489 1364 597 1424 scimus
615 1364 667 1422 cfr.
685 1365 741 1423 Ies.
758 1363 883 1437 XXIII,
903 1367 943 1422 13.

244 1464 307 1523 Iam
321 1483 392 1523 vero
410 1465 572 1524 cavendum
583 1445 713 1538 uidetur,
731 1485 768 1522 ne
785 1465 930 1526 sententis
947 1473 1049 1524 nostra
1066 1465 1199 1526 funditus
1216 1485 1298 1526 erer-
1326 1539 1328 1542 Ι

193 1572 282 1625 tatur.
317 1555 398 1622 N'am
415 1565 496 1643 quod
512 1555 712 1625 Knnrnsnrnn
728 1565 896 1642 prohibuit,
915 1565 1072 1642 quominus
1089 1567 1126 1626 de
1142 1566 1297 1626 testudini-

192 1667 249 1725 bus
267 1666 425 1742 cogitaret,
443 1666 584 1724 D1onon1
603 1666 668 1724 dico
686 1667 777 1725 rerba
794 1665 834 1739 Il,
851 1669 894 1738 27,
913 1665 1058 1724 eiusmodi
1074 1667 1225 1726 machinas
1242 1669 1298 1728 snb

193 1767 312 1825 Arbace
337 1766 467 1824 nondum
490 1766 583 1825 fuisse
608 1767 760 1839 inventas,
788 1767 867 1826 idem
891 1765 1046 1824 Homero
1061 1763 1086 1839 ¹,
1116 1785 1181 1826 cum
1204 1769 1298 1828 oculis

194 1867 256 1926 suis
279 1866 309 1924 in
328 1866 543 1944 antiquissimIs
566 1868 654 1926 etiam
671 1868 866 1944 Assyriorum
889 1867 1085 1926 monumentis
1102 1869 1201 1929 varias
1220 1870 1297 1930 eius·

192 1967 275 2026 modi
292 1967 404 2043 species
421 1968 619 2043 conspiceret,
646 1968 794 2045 egregium
812 1966 971 2044 singularis
988 1967 1150 2027 sententiae
1166 1989 1238 2029 snae
1253 1971 1298 2029 vi-

193 2067 279 2125 detur
296 2068 517 2140 documentum,
543 2087 581 2126 ex
598 2087 658 2145 qua
674 2077 864 2126 monumenta
879 2086 974 2144 nuper
989 2075 1107 2143 reperta
1124 2087 1184 2127 non
1202 2072 1298 2147 Assy·

191 2167 303 2226 riorum
321 2168 374 2227 sed
390 2168 550 2227 Persarum
573 2187 638 2228 esse
655 2169 803 2245 opinatur.
830 2168 940 2226 Verum
957 2186 1023 2225 cum
1042 2174 1087 2224 tot
1104 2167 1170 2228 aliis
1194 2189 1233 2228 ex
1251 2189 1297 2228 re·

191 2270 248 2327 bus
265 2268 401 2345 Assyriis
417 2269 470 2327 illa
488 2269 682 2328 adscribenda
705 2288 770 2331 esse
787 2276 902 2328 constet
921 2276 951 2325 et
968 2275 1085 2343 tempus
1103 2286 1203 2327 eorum
1223 2271 1297 2329 eatIs

192 2368 329 2428 videatur
346 2378 492 2443 constare,
511 2369 684 2446 petitionem
696 2369 851 2446 principii,
870 2387 961 2445 quam
974 2367 1066 2441 aiunt,
1084 2387 1145 2426 non
1163 2371 1296 2429 commit-

191 2478 302 2541 temus,
322 2469 348 2528 si
364 2488 466 2528 eorum
483 2471 659 2529 anctoritate
673 2471 813 2530 D1ononl
829 2467 841 2504 ⁸
856 2469 949 2528 verba
964 2468 1095 2528 refutari·
1105 2478 1134 2528 et
1150 2469 1298 2530 Hoernm

192 2570 280 2630 simul
297 2570 456 2630 arbitraria
472 2579 638 2629 commenta
653 2570 775 2648 explodi
792 2570 1011 2636 contendamus.

243 2670 329 2745 Quae
345 2690 411 2729 cum
433 2672 476 2730 ita
493 2672 569 2745 sint,
594 2691 712 2732 versum
729 2672 855 2745 huncce,
879 2687 1035 2747 perperam
1053 2677 1148 2729 totum
1171 2672 1296 2730 relatum

193 2770 231 2830 ed
248 2771 393 2848 Assyrios
412 2772 450 2829 ab
474 2771 681 2844 Hrenonruo‚
703 2771 939 2843 Turononnro,
963 2768 1116 2844 Ormnno,
1139 2771 1297 2844 Menenio,

192 2871 304 2944 Tenen,
323 2872 401 2944 lun,
419 2872 496 2945 Eva,
514 2872 626 2945 Uuen,
644 2873 747 2946 Hrrz,
766 2873 809 2931 ita
826 2871 937 2948 optime
954 2869 1160 2946 disponemus,
1185 2879 1218 2928 ut
1237 2878 1298 2931 tres

145 2957 147 2962 ⁵
192 2972 307 3048 priores
324 2972 485 3048 particulas
504 2972 543 3030 ad
559 2973 628 3032 illos
645 2973 779 3049 quidem,
799 2980 935 3050 quartam
953 2977 1051 3028 autem
1068 2970 1107 3027 ad
1124 2969 1297 3030 coniunctas

193 3071 347 3131 Medorum
365 3081 394 3130 et
411 3072 646 3151 Babyloniorum
664 3074 766 3149 copias
784 3073 915 3131 dicamus
932 3069 1089 3147 pertinere.

716 3345 744 3383 v.
762 3329 787 3381 7.

245 3475 355 3532 Portae
366 3476 519 3548 fluviorum
531 3477 713 3550 aperiantur,
731 3484 758 3532 ct
764 3474 908 3549 palatium
920 3473 1032 3548 defficit.
1068 3472 1104 3530 In
1118 3470 1299 3531 enucleanda

194 3574 379 3634 vexatissimi
396 3573 482 3633 huius
501 3575 646 3634 enunciati
664 3574 809 3634 sententia
826 3572 994 3650 religiosius
1013 3573 1192 3648 sequendum
1211 3571 1298 3630 nobis

247 3862 272 3925 1)
290 3861 343 3912 Otr.
361 3862 473 3912 Lsrsrn.
490 3862 533 3924 fig.
546 3863 591 3922 583
608 3858 707 3910 Boron
725 3876 749 3924 p.
765 3861 823 3910 tte.
837 3861 895 3910 278.
907 3860 965 3910 320.
988 3858 1035 3908 cir.
1053 3870 1130 3920 supra
1146 3871 1170 3919 p.
1180 3855 1212 3906 57
1222 3860 1275 3906 not.

245 3945 271 4008 2)
289 3946 396 3996 Horren
410 3943 544 4007 Phiniuie,
562 3942 690 4008 chades,
708 3927 817 4010 Ass'yrie
835 3952 867 3996 et.
885 3962 909 4009 p.
922 3941 982 3992 319.

249 4029 276 4092 3)
294 4029 326 4080 In
344 4030 469 4080 eiusmodi
486 4031 562 4080 rebus
579 4044 655 4094 quam
673 4037 746 4080 cante
767 4037 880 4079 veterum
898 4029 1048 4092 scriptorum
1064 4024 1211 4074 testimonia
1228 4021 1300 4071 andi-

194 4113 262 4164 enda
278 4117 342 4178 sint,
360 4115 453 4168 docent
463 4115 596 4166 Hnnonon
614 4129 713 4165 errores
729 4113 761 4164 de
781 4121 835 4163 arte
853 4115 949 4178 crispos
965 4124 1043 4174 cupro
1060 4107 1190 4169 variandi,
1208 4105 1241 4156 do
1258 4121 1300 4156 ca·

194 4199 299 4263 tapultis
316 4207 347 4250 et.
365 4201 409 4250 cfr.
429 4198 515 4250 Gosee
533 4200 642 4264 Assyria
658 4215 683 4264 p.
696 4199 754 4250 295.
767 4199 825 4276 302.
837 4196 896 4249 303.
909 4196 966 4246 305.

1061 4279 1076 4328 5
1086 4279 1098 4306 ι
