2954 4808
211 170 257 238 18
385 228 389 236 .
634 170 706 232 Cur.
721 171 750 246 Ι,
770 177 891 232 ν.2-6.

208 357 244 417 F.
262 359 301 417 A.
320 355 456 418 Srnuuss
473 353 556 417 Sinai
573 357 633 416 und
651 355 741 434 Golg.
760 355 817 436 (V)
833 375 864 433 p.
879 359 939 414 324.
974 353 1203 414 celeberrimum
1221 354 1311 416 Oar-

209 458 295 517 meli
311 458 557 535 promontorium,
572 458 657 518 sicuti
671 459 708 517 ab
721 459 809 516 horto
822 457 964 534 frugifero
979 475 1084 514 nomen
1099 457 1189 529 ducit,
1203 457 1312 529 „laetis

208 559 379 624 abundabat
401 559 545 635 pascuis“
568 558 719 635 (Hrnaon.
736 559 773 618 ad
792 559 861 617 Am.
874 557 906 630 I,
934 559 981 635 2),
1007 557 1103 630 „oleis
1129 557 1261 618 consitus
1282 566 1312 616 et

208 660 338 720 arbustis
361 659 514 736 vineisque
538 659 729 720 condensus“
755 657 852 733 (idem
875 657 914 718 ad
936 658 1041 716 Ierem.
1057 657 1111 730 IV,
1134 658 1196 737 26).
1248 656 1310 717 cfr.

208 762 323 818 Wrunn
339 761 359 818 l.
377 761 398 818 l.
415 779 444 821 a.
462 780 507 832 v.;
533 759 569 820 F.
586 760 625 818 A.
643 757 781 820 Srmuss
805 759 826 818 Ι.
844 759 864 818 Ι.
882 777 913 834 p.
925 761 985 818 333.
1027 756 1223 818 Contenditur
1247 774 1311 818 sae

210 861 276 936 pius
298 879 365 921 cum
381 860 528 922 Libano
546 859 597 936 (da
614 879 674 938 quo
697 859 751 920 cfr.
768 859 929 920 arsurus
944 859 965 918 l.
983 859 1003 916 Ι.
1021 879 1049 918 a.
1068 859 1126 936 n),
1151 858 1202 936 qui
1224 859 1311 918 nirec

209 962 327 1037 fulgens
350 962 447 1037 capite
469 956 550 1038 (ns)
573 960 734 1037 cyparissis
757 967 787 1019 st
809 959 917 1020 ritibus
940 958 1096 1034 (2Parall.
1109 958 1156 1030 11,
1174 962 1205 1030 73
1233 958 1310 1019 Hos.

210 1062 295 1134 XIV,
314 1062 411 1138 6-8),
438 1060 593 1122 odoriferis
616 1061 716 1124 herbis
732 1059 834 1136 (Cant.
845 1059 900 1132 IV,
921 1062 966 1137 ll)
983 1067 1045 1120 tum
1062 1075 1136 1118 vero
1156 1059 1311 1126 cedi-cmm

209 1162 426 1237 magnificentia
451 1161 517 1238 (Ps.
535 1161 663 1234 XXIX,
684 1164 724 1234 a„
743 1161 824 1239 all),
853 1159 1071 1220 illustrissimus
1098 1169 1170 1218 erat.
1185 1159 1235 1218 Vi.
1253 1159 1310 1220 To.

210 1262 320 1336 Variae
348 1271 418 1323 sunt
439 1270 554 1335 autem,
578 1261 693 1339 -quibus
715 1269 938 1337 comparantur,
969 1261 1114 1332 rationes,
1142 1277 1198 1335 pro
1221 1261 1311 1320 variis

210 1363 363 1440 utriusque
380 1363 538 1424 virtutibus
556 1371 586 1422 et
602 1361 793 1422 detrimentis.
828 1361 920 1422 Modo
945 1361 1022 1422 euim
1047 1361 1167 1437 pascuis
1184 1358 1313 1420 Carmeli

210 1471 240 1526 et
255 1463 406 1540 frugiferis
421 1464 484 1524 eins
499 1463 625 1523 hortulis
642 1471 834 1538 opponuntur
850 1469 937 1522 vaste
955 1461 1062 1520 Libani
1078 1461 1213 1538 fastigia,
1232 1480 1309 1539 quae

209 1565 333 1624 arbusta
354 1572 469 1624 tantum
493 1570 523 1620 et
544 1563 636 1624 silvas
658 1563 824 1639 germinant
846 1562 917 1638 (les.
932 1561 1056 1635 XXIX,
1082 1562 1144 1639 18),
1172 1561 1312 1639 quemod-

210 1666 329 1725 modum
350 1664 525 1723 discernitur
542 1661 670 1722 Carmeli
693 1663 876 1724 foecunditas
903 1681 923 1724 a
947 1663 1064 1722 deserto
1087 1659 1158 1736 (les.
1176 1662 1311 1734 XXXII,

211 1766 278 1842 16);
307 1764 396 1826 modo
423 1766 461 1823 ob
490 1763 630 1825 arborum
659 1764 872 1840 praestantiam
903 1762 1067 1824 celebratur
1094 1769 1216 1840 uterque
1239 1761 1310 1837 (les.

210 1865 344 1938 XXXV,
363 1864 409 1942 2),
435 1863 522 1926 sicuti
544 1864 685 1924 refertum
708 1873 753 1926 ost
776 1864 885 1926 Libani
909 1863 997 1924 laude
1022 1861 1235 1936 caus.111,a;
1256 1863 1311 1936 IV,

212 1969 242 2024 ll
261 1983 302 2026 ss.
337 1961 452 2026 Nostro
473 1965 558 2038 loco,
574 1965 643 2024 licet
658 1964 739 2024 cedri
755 1957 913 2041 praecipue
929 1963 1104 2040 cogitandae
1120 1963 1195 2036 sint,
1222 1962 1312 2024 latius

211 2074 311 2130 tamen
335 2073 419 2146 patet
442 2061 468 2128 ’Β
490 2079 565 2138 nnn,
596 2063 790 2142 quodcunque
818 2064 964 2152 germinat
987 2063 1121 2124 Libanus
1143 2063 1313 2140 (Russus.)

211 2163 229 2230 r,
249 2161 312 2230 los
334 2185 394 2226 non
411 2174 457 2226 est
473 2165 577 2242 partic.
594 2165 707 2227 omisso
731 2181 752 2226 n
775 2163 907 2241 (Gnoso.
924 2164 1070 2242 Lehrgeb.
1087 2175 1118 2240 μ
1131 2167 1181 2222 316
1187 2185 1196 2235 3
1221 2164 1311 2224 Thes.

212 2285 236 2330 s.
249 2287 296 2340 νη,
318 2266 371 2325 cfr.
388 2266 547 2330 Hnnosrn,
567 2265 606 2324 sd
623 2265 675 2324 Pr.
689 2265 747 2337 VI,
765 2267 819 2343 3),
835 2267 888 2326 sed
908 2275 1003 2341 praet.
1021 2265 1122 2326 Pulal‘
1133 2283 1161 2323 a.
1181 2284 1208 2322 v.
1231 2259 1312 2343 Son,

212 2367 294 2430 cuius
317 2367 338 2428 f.
361 2367 423 2426 Kal
445 2365 503 2427 nisi
522 2366 554 2425 in
578 2365 773 2441 specie-part.
797 2384 878 2442 pass.
904 2366 973 2424 fem.
998 2359 1098 2430 nilon
1120 2365 1174 2424 Ez.
1188 2364 1279 2437 XVI,
1299 2371 1311 2422 l
1437 2404 1443 2414 .

212 2485 273 2526 non
284 2467 410 2544 legitur3
429 2474 531 2526 contra
542 2467 698 2526 Ewsnnus
711 2466 854 2526 ausfdhrl.
865 2465 973 2526 Lehrb.
992 2465 1112 2541 51208,
1132 2469 1179 2524 131
1190 2465 1218 2538 d,
1237 2467 1312 2526 lt‘lb

212 2585 273 2628 uon
289 2567 379 2626 Pulsl
400 2567 452 2628 sed
469 2566 598 2628 radicem
623 2583 688 2628 esse
704 2574 870 2639 asseverat,
893 2566 1076 2642 reduplicata
1092 2565 1194 2638 tertia,
1220 2566 1315 2626 veluti

212 2668 243 2726 in
265 2667 324 2726 adi.
342 2673 419 2742 traci
442 2666 507 2740 cll.;
530 2679 633 2728 veram
656 2685 722 2726 oum
738 2667 852 2728 formae
868 2666 930 2726 Kal
950 2667 1112 2727 habeamus
1136 2667 1314 2742 exemplam,

213 2767 306 2829 satim
323 2766 380 2827 erit
400 2767 480 2844 apud
499 2785 634 2828 normam
657 2774 687 2842 et
702 2767 834 2844 regulam
851 2785 1019 2837 remanere,
1035 2785 1078 2848 leo
1100 2767 1213 2844 magis,
1234 2768 1316 2844 quod

212 2868 335 2946 passiva
351 2867 428 2928 ratio
450 2867 483 2926 iu
500 2867 598 2944 specie
614 2867 703 2928 Pulal
726 2885 873 2944 expressa·
891 2867 990 2944 potins
1008 2875 1068 2942 est,
1091 2887 1181 2944 quam
1203 2867 1316 2930 intran-

212 2969 302 3030 sitivs
325 2969 357 3029 in
378 2967 449 3030 Kal.
491 2965 644 3046 Significat
667 2976 765 3029 autem
788 2969 974 3042 flaccescere,
997 2967 1202 3044 languescere,
1225 2969 1315 3029 modo

211 3070 336 3146 proprio
353 3087 442 3132 sensu
457 3068 568 3130 dictum
586 3069 622 3128 de
637 3068 748 3144 plantis
764 3069 822 3128 les.
835 3068 953 3141 XXIV,
969 3073 985 3125 ‘l
992 3089 1001 3140 ;
1025 3068 1097 3128 loel.
1111 3069 1142 3142 1,
1161 3073 1193 3128 12
1206 3087 1264 3142 ss,
1283 3078 1315 3130 ut

211 3170 261 3228 hio
278 3187 397 3247 quoque
412 3169 569 3242 habemus,
592 3168 682 3228 modo
699 3169 842 3229 translate
858 3168 896 3228 de
913 3186 1038 3245 corpore
1054 3178 1176 3246 aegroto
1193 3167 1246 3230 Ps.
1258 3171 1313 3243 VI,

212 3273 244 3342 3,
275 3269 312 3328 de
341 3269 495 3330 moenibus
518 3269 623 3330 dirutis
646 3269 816 3342 Thremll,
840 3273 872 3342 8,
904 3269 941 3328 de
970 3276 1050 3330 terre
1079 3270 1234 3330 devastata
1255 3271 1312 3330 Ies.

211 3367 329 3441 XXIV,
346 3373 379 3439 43
404 3367 560 3441 XXXIII,
579 3373 610 3441 9,
639 3369 691 3428 nbi
714 3369 861 3432 antecedit
887 3385 1085 3446 synonymum
1108 3365 1178 3435 San.
1223 3370 1314 3432 Ouios

210 3468 269 3530 loci
285 3469 378 3528 verba
392 3467 461 3530 licet
477 3485 616 3548 magnam
632 3487 697 3528 cum
714 3478 817 3532 nostro
839 3470 969 3534 habeant
993 3469 1229 3544 similitudidem,
1253 3490 1314 3532 non

211 3568 355 3632 eiusmodi
377 3576 476 3628 tamen
498 3577 581 3641 sunt,
611 3576 644 3628 ut
667 3569 778 3630 nostris
799 3569 955 3628 rideantur
977 3570 1064 3646 quasi
1092 3571 1315 3636 fundamentum

211 3689 285 3733 essa.
298 3703 336 3717 ·-
361 3668 499 3732 ceterum
514 3669 682 3746 praeteriti,
699 3669 781 3747 quod
797 3670 930 3748 sequitur
941 3671 1072 3732 futurum
1091 3687 1222 3751 roman,
1243 3691 1314 3748 pro-

209 3772 328 3849 phetica
349 3770 465 3830 indoles
487 3777 549 3844 θεῖς
573 3770 626 3830 cfr.
644 3769 696 3830 Ps.
710 3769 843 3844 XCVII,
860 3776 887 3830 4,
921 3769 1028 3848 Neque
1051 3788 1122 3832 vero
1146 3769 1314 3832 intermitti-

209 3889 275 3934 mus
292 3871 450 3943 adnotare,
467 3870 498 3929 in
515 3871 572 3930 hac
586 3870 789 3946 exemplorum
808 3871 951 3934 electione
969 3871 1063 3934 latere
1081 3871 1313 3949 quodammodo,

210 3970 381 4032 Nahumum
396 3971 429 4033 in
444 3971 512 4048 ipsa
528 3978 608 4031 tarra
630 3989 716 4030 sacra
733 3971 923 4033 rasurarum
939 3971 1045 4044 fuisse3
1067 3991 1137 4033 nam
1154 3972 1180 4032 si
1198 3973 1313 4048 specio·

209 4089 275 4134 sum
305 4071 417 4150 aliquid
443 4080 473 4132 et
501 4071 687 4148 magnificum
717 4072 897 4136 afferendum
924 4081 1003 4145 erat,
1038 4073 1185 4150 Assyriae
1213 4073 1313 4134 incola

209 4173 308 4236 acacio
326 4191 364 4234 eu
380 4172 459 4233 illius
476 4171 605 4248 regionis
623 4172 781 4236 virtutibus
798 4191 869 4234 usus
885 4173 999 4235 fuisset.
1073 4188 1077 4194 “
