2954 4808
602 230 673 292 Car.
687 231 719 303 I,
737 252 766 292 v.
780 235 892 292 3a-6.
1249 229 1293 300 13

191 418 295 476 Ierem.
314 415 432 491 XLVI,
451 421 484 476 ts
504 417 607 476 eodem
624 417 714 476 effato
732 416 878 476 clauditur
894 415 1065 476 vaticinium
1082 418 1295 498 deAegyptio-

190 538 257 576 rum
273 517 402 578 interitu.
437 519 579 578 Videmus
601 519 691 596 igitar
707 517 914 596 exstinguendi
930 526 1108 595 potestatem
1125 539 1179 580 uec
1195 539 1295 580 neces·

191 619 360 679 sariam-ibi
378 637 459 692 esse,
478 639 532 680 nec
549 620 588 678 ob
606 619 816 680 sententiarum
833 638 942 678 nexum
960 639 1055 698 aeque
1070 639 1136 682 esse
1155 621 1295 680 idoneam

190 727 280 796 atque
296 719 421 778 alteram
437 720 519 782 illam
536 720 683 780 insontem
700 720 884 792 declarandi,
901 721 1051 796 impunem
1069 721 1243 780 dimittendi.

241 819 326 894 Quae
343 839 410 880 cunr
427 821 470 878 ita
487 821 564 893 sint,
588 821 716 897 genuina
732 822 891 880 verborum
912 828 1058 897 potestate
1081 822 1202 895 moniti,
1226 840 1294 881 sue·

190 921 277 981 dente
298 920 420 996 insuper
448 929 552 998 aperto
581 921 652 980 iibri
673 921 765 980 Ionae
792 930 943 998 respectu,
975 921 1151 982 hemistichii
1173 923 1295 982 huiusce

190 1022 282 1080 verba
298 1039 359 1080 nou
369 1022 414 1080 ad
425 1021 566 1082 Israelem
584 1022 636 1082 sed
653 1021 693 1080 ad
704 1023 849 1099 Assyrios
861 1022 1038 1095 referamus,
1057 1041 1123 1082 cnm
1137 1023 1294 1095 Minoum,

189 1121 591 1195 Riemann-Krannon
607 1122 658 1183 ali.
694 1120 753 1197 Qui
775 1122 900 1182 alteram
923 1131 1087 1200 sequuntur
1108 1124 1295 1197 sententiam,

190 1223 360 1298 oppositam
376 1221 424 1281 hic
440 1222 539 1282 versui
561 1222 692 1282 secundo
714 1241 850 1284 carnum
875 1222 976 1282 indicii
992 1223 1119 1284 habent:
1143 1243 1203 1283 non
1227 1243 1296 1284 acre

190 1323 286 1382 solum
303 1323 351 1382 dei
367 1323 516 1400 ingenium
534 1331 564 1383 et
578 1323 655 1382 irem
679 1331 710 1382 et
730 1323 890 1384 ulciscendi
913 1323 1103 1399 cupiditatem
1125 1325 1157 1383 in
1182 1325 1295 1397 hostes,

189 1443 292 1484 vernn
309 1422 431 1500 longum
448 1423 538 1484 etiam
555 1443 626 1502 erge
642 1432 759 1501 gentem
785 1443 869 1485 suam
887 1425 1032 1498 animum,
1058 1432 1087 1484 et
1109 1425 1295 1501 omnipoten-

189 1523 280 1597 tiam,
298 1543 359 1601 qua
375 1525 493 1584 salvare
509 1545 573 1584 eam
586 1533 702 1602 potest,
721 1533 751 1584 et
763 1523 1012 1598 misericordiam,
1030 1545 1091 1603 qua
1107 1525 1295 1602 exstinguere

190 1643 241 1684 eos
259 1637 289 1684 et
305 1624 403 1684 delere
419 1645 480 1684 non
497 1626 569 1686 vult.
601 1625 685 1702 Quae
702 1625 771 1685 licet
787 1626 941 1702 praeclara
958 1625 998 1684 sit
1014 1626 1172 1704 cogitatio,
1191 1627 1296 1686 cedere

189 1733 288 1784 tamen
305 1726 486 1802 argumentis
503 1745 595 1803 supra
610 1727 755 1803 expositis
772 1727 900 1788 debebit.

241 1826 415 1900 „Hactenus
432 1835 530 1886 eutem
547 1827 668 1886 minime
684 1827 864 1902 declaratio,
884 1828 956 1906 quid
967 1826 1051 1887 Deus
1067 1836 1187 1888 acturus
1203 1829 1295 1888 modo

190 1935 283 2000 esset,
302 1928 349 1986 vel
366 1927 509 1988 adversus
523 1927 691 2000 Ninivitas,
709 1927 756 1986 vel
774 1929 918 1988 adversus
934 1927 1077 2001 Iudaeos,
1096 1931 1204 1989 nedum
1221 1929 1295 2008 quid

190 2029 298 2106 egerit,
316 2028 392 2086 sicut
404 2028 540 2088 Hrnnou.
555 2029 626 2089 dicit
643 2047 709 2088 esse
721 2047 824 2088 vocem
840 2029 1004 2106 prophetae
1020 2028 1171 2090 laudantis
1184 2030 1294 2103 Deum,

190 2130 271 2206 quod
288 2129 325 2186 de
342 2128 478 2205 Assyriis
498 2129 601 2206 populi
619 2130 665 2188 sui
682 2129 762 2190 ultus
780 2129 819 2188 sit
834 2129 973 2188 iniuriam
979 2149 988 2200 ς
1006 2129 1059 2188 sed
1074 2129 1170 2204 ipsius
1187 2139 1295 2190 natura

190 2239 220 2288 et
236 2229 343 2306 agendi
360 2229 438 2288 ratio
454 2230 585 2304 dooetm,
604 2249 670 2288 cunr
686 2238 822 2306 respectu
839 2230 917 2288 forte
934 2229 1052 2308 quidem
1069 2229 1171 2307 aliquo
1188 2231 1228 2290 ed
1244 2231 1295 2289 Iu·-

190 2331 281 2390 daeos
305 2330 356 2388 diu
378 2330 437 2388 iam
459 2330 601 2405 punitos.
616 2373 624 2392 .
639 2373 670 2390 ..
695 2331 747 2390 sed
771 2331 861 2408 longe
888 2331 983 2408 magis
1012 2330 1051 2389 ad
1072 2331 1173 2392 hostes
1196 2333 1295 2410 Assy·

189 2430 252 2490 rios
269 2435 345 2492 etc.“
380 2431 551 2490 Mnucurus

635 2685 659 2744 n
693 2706 721 2745 v.
740 2667 850 2745 3‘b-c.

242 2836 290 2896 Ad
306 2837 384 2897 hunc
400 2836 448 2896 dei
464 2845 601 2896 naturam
618 2835 802 2896 referendum
825 2844 886 2911 est,
910 2835 1007 2913 qnod,
1031 2834 1084 2892 ubi
1099 2833 1234 2909 procedit
1256 2833 1295 2892 ad

191 2937 412 3016 exsequendum
429 2937 569 2998 iudicium
582 2937 624 3014 (v.
636 2937 709 3014 ab),
728 2937 915 2996 exsiccantur
931 2936 1038 2994 ardore
1053 2935 1117 2993 irae
1134 2934 1197 2994 eius
1213 2953 1296 2994 mare

192 3046 222 3098 et
238 3038 338 3110 fluvii,
361 3040 483 3098 arbores
506 3046 535 3096 et
557 3057 669 3115 pascua
691 3037 886 3116 languescunt
902 3035 945 3112 (v.
959 3037 1007 3114 4),
1025 3035 1164 3094 universa
1190 3053 1296 3094 concu-

192 3140 264 3199 titur
285 3146 315 3198 et
343 3140 448 3200 misere
473 3159 540 3198 curu
562 3139 668 3198 incolis
694 3137 842 3198 exclamat
864 3145 945 3196 terra
966 3134 1009 3211 (v.
1027 3136 1073 3214 5);
1102 3135 1145 3194 ita
1167 3142 1201 3196 ut
1223 3134 1296 3192 nihii

192 3259 265 3316 prae
287 3239 351 3300 eius
371 3240 418 3298 ira
442 3248 522 3300 stare
544 3239 658 3316 possit,
689 3238 740 3316 qui
761 3238 948 3298 firmissimas
974 3255 1064 3317 rupes
1090 3237 1121 3295 iu
1143 3235 1295 3313 pulverem

193 3339 355 3400 contundit.

242 3443 332 3502 Prius
348 3461 436 3515 vero,
460 3461 549 3520 quam
574 3441 613 3500 ad
637 3440 843 3518 explicandam
865 3439 941 3498 huno
966 3437 1098 3498 vaticinii
1119 3438 1296 3514 particulam

193 3544 382 3616 accedamus,
404 3543 605 3621 quaerendum
622 3542 754 3616 videtur,
781 3541 923 3618 quidnam
945 3539 1065 3599 omnino
1089 3540 1161 3598 haec
1179 3538 1235 3598 sibi
1252 3539 1297 3598 di·

88 3709 92 3714 ,
193 3644 280 3705 vinae
309 3645 460 3722 potentiae
482 3644 554 3704 velit
583 3643 751 3718 descriptio.
792 3641 962 3700 Nemeum
990 3657 1140 3712 caussam,
1169 3659 1207 3697 ex
1229 3647 1297 3715 'qua

193 3745 338 3806 eiusmodi
355 3745 467 3822 aliquid
484 3753 536 3804 aut
551 3743 727 3820 praecedere
742 3750 795 3802 aut
812 3741 896 3819 sequi
918 3741 1014 3800 soleat
1030 3740 1243 3816 prophetarum
1260 3737 1298 3796 da

193 3847 308 3908 iudiciis
333 3847 439 3906 tuturis
463 3845 542 3906 edita
563 3843 699 3917 oracula,
727 3850 807 3902 recte
828 3841 936 3900 viderit
959 3839 1115 3900 Onnmnns
1137 3839 1191 3914 (ad
1208 3836 1296 3898 Sach.

194 3949 272 4022 xil,
291 3950 335 4026 1)=
360 3947 441 4020 „Ubi
460 3946 496 4004 de
513 3965 545 4004 re
562 3944 675 4004 difficili
692 3943 805 4020 agitur,
823 3942 882 4002 nisi
896 3946 1034 4000 occurrat
1049 3939 1137 3998 nobis
1152 3939 1297 3998 immensa

194 4048 242 4108 dei
271 4049 419 4126 potentia,
449 4047 552 4124 friget,
583 4045 724 4122 quicquid
754 4043 842 4102 nobis
870 4041 1089 4118 promittitur:“
1120 4038 1298 4100 dissentiunt

195 4159 294 4208 tamen
316 4168 495 4228 magnopere
517 4148 708 4222 interpretes,
736 4145 812 4204 sitne
835 4141 974 4220 proprius
997 4160 1098 4200 eornm
1116 4158 1218 4200 sensns
1236 4147 1297 4200 sta-

195 4250 337 4323 tuendus,
361 4271 399 4310 sn
422 4249 586 4312 translatus
609 4265 662 4323 per
684 4244 915 4306 similitudinem.
951 4242 1101 4318 Quattuor
1125 4243 1186 4302 iere
1206 4241 1298 4300 inter-
