2954 4784
641 185 712 244 Cur.
725 186 785 258 111,
804 203 832 244 v.
848 193 873 244 4.
1264 182 1310 251 93

206 370 329 429 liohlreit
348 371 405 428 'der
421 369 550 428 Leioh'en
573 369 843 442 veransohaulioht,
868 369 1061 429 sohioklioher
1083 370 1159 428 ohne
1183 371 1230 430 die
1252 371 1311 430 (lo-

206 472 279 547 pula
296 471 420 543 steht;“
439 470 530 528 tutius
548 469 605 526 erit
620 469 775 528 lectionem
793 471 909 548 aliquot
924 471 996 530 libb.
1011 471 1083 530 Mss.
1103 479 1133 528 et
1150 464 1312 531 editionum'

207 571 291 648 sequi
309 571 375 646 (ofr.
393 571 416 627 Ι.
431 570 471 628 H.
486 571 581 627 Mrcu.
599 577 699 626 annot.
718 579 747 627 et
759 571 1059 630 Rosnuuuannsnun
1072 590 1099 628 a.
1113 572 1142 629 h.
1156 572 1193 647 l.)
1209 567 1308 662 simas

206 672 250 728 uti
267 671 311 743 H,
331 677 363 744 6,
386 671 441 728 fut.
459 670 526 742 Ni,
550 670 597 728 oui
614 671 795 728 eontrarium
812 689 878 730 esse
894 672 1012 748 nequit,
1037 672 1115 748 quod
1134 669 1224 730 H1rz.
1243 646 1310 747 s'p'e·

206 770 280 830 oiem
298 770 348 829 Ni.
367 771 497 828 maxime
513 789 567 846 per
585 769 804 829 similitudinem
823 771 969 830 enuntiari
987 772 1151 844 contendit,
1177 791 1245 830 narn
1262 773 1311 830 hio

206 890 326 949 quoque
342 871 486 929 translate
503 869 604 946 potins
622 868 733 927 dietum
751 871 885 944 videtur,
914 880 944 932 et
964 871 1144 946 respondere
1168 873 1310 948 quodam-

205 971 294 1028 modo
312 991 360 1029 vv.
380 985 446 1046 usp
475 985 549 1045 siut,
574 969 660 1028 sicuti
686 970 854 1031 Lusitanus
877 973 1019 1030 reddidit:
1043 972 1135 1045 „dass
1151 991 1219 1030 man
1239 975 1312 1032 iiber

204 1071 268 1129 ihre
285 1070 463 1130 Leiohname
479 1069 570 1128 fallen
587 1074 701 1129 muse-‘⁶

668 1424 692 1480 b.
720 1427 855 1480 val-7.

255 1573 318 1630 Iam
339 1590 407 1630 vero
425 1579 508 1632 vates
525 1584 666 1632 revocata
682 1573 713 1630 in
735 1573 908 1630 memoriam
932 1580 1043 1632 tantae
1059 1574 1168 1650 stragis
1193 1593 1309 1648 caussa,

204 1673 376 1730 immanium
393 1673 572 1749 flagitiorum
590 1673 822 1746 multitudinem,
841 1673 931 1732 soorti
948 1673 1077 1750 imagine
1095 1676 1238 1749 adhibita,
1251 1677 1310 1734 As·

202 1775 350 1849 syriorum
373 1774 485 1832 seelera
508 1773 539 1830 in
563 1782 665 1851 gentes
687 1774 1023 1849 perpetrata'proponit
1041 1795 1068 1833 v.
1086 1780 1119 1847 4,
1147 1775 1215 1833 dein
1245 1777 1310 1834 fore

205 1882 357 1932 asseverat
378 1883 412 1932 ut
434 1873 597 1949 ignominia
621 1892 723 1932 eorum
740 1875 857 1949 publioe
875 1893 893 1932 a
910 1873 1042 1932 Domino
1060 1877 1242 1934 exercituum
1260 1877 1310 1934 de-

205 1983 322 2050 tegatur
339 1995 367 2032 v.
381 1977 407 2046 5,
425 1974 484 2050 ipsi
500 1975 531 2032 in
548 1974 765 2034 atrocissimum
783 1983 843 2032 tam
857 1984 1043 2051 peccatorum
1062 1995 1090 2033 v.
1106 1981 1121 2033 6
1139 1995 1229 2053 quam
1241 1995 1310 2052 supa

203 2075 283 2150 plioii
301 2077 410 2133 abeant
427 2075 593 2152 exemplum
611 2095 639 2132 v.
654 2065 678 2132 7'.
754 2091 756 2096 ·

721 2346 748 2383 v.
766 2330 791 2382 4.

253 2475 377 2550 Propter
399 2476 600 2534 multitudinem
623 2477 823 2533 emulationum
845 2479 945 2544 suoru,
971 2483 1102 2534 venustae
1123 2479 1307 2550 gratiositate,

202 2579 354 2650 magistrae
365 2580 601 2651 praesagiorum,
624 2595 696 2652 quat
712 2575 847 2634 aaudiat
858 2577 979 2651 populos
995 2580 1100 2650 stupris
1117 2580 1175 2634 suus
1198 2587 1225 2634 et
1239 2595 1306 2650 geu·
1351 2637 1353 2644 ,

202 2686 242 2734 tes
262 2680 427 2750 premitque
449 2681 514 2734 suis.
565 2675 762 2736 Soortationis
793 2675 955 2735 similitudo
985 2676 1109 2736 diversis
1139 2677 1307 2736 rationibus

202 2776 348 2834 manslata
364 2777 395 2834 in
411 2777 443 2836 ll.
461 2795 501 2836 ss.
515 2777 661 2852 reperitur
667 2798 675 2848 ;
700 2776 842 2852 primum,
866 2786 900 2834 ut
925 2777 1069 2834 defectum
1086 2795 1105 2834 a
1121 2776 1252 2834 Domino
1277 2787 1306 2835 et

201 2877 401 2934 idololatriam
418 2876 576 2952 significet,
595 2877 724 2936 maxime
742 2878 778 2934 de
790 2876 902 2936 Israele
919 2877 1044 2948 dietum,
1064 2877 1223 2934 seeundum
1237 2895 1305 2934 oon-

200 2977 273 3053 iugii
290 2977 449 3053 imaginem
471 2977 503 3035 in
521 2976 644 3036 (lantino
668 2978 837 3052 expositum
862 2985 890 3035 et
907 2976 1027 3035 Hossae
1050 2983 1168 3051 praeter
1191 2985 1306 3036 eeteros

201 3077 351 3136 usitatum.
378 3078 425 3136 Ita
441 3092 576 3136 nostrum
593 3079 689 3136 louum
706 3077 917 3153 interpretatus
935 3085 980 3136 est
998 3075 1156 3148 Guorlus3
1183 3084 1214 3134 at
1232 3076 1305 3134 nihil

200 3177 249 3235 hio
273 3179 309 3236 de
332 3178 412 3236 cultu
435 3179 571 3251 deornm,
595 3179 669 3236 nihil
691 3179 728 3236 de
751 3178 891 3261 destituta
915 3177 961 3234 dei
984 3176 1070 3236 unius
1093 3176 1215 3253 verique
1236 3178 1304 3235 reli·

200 3278 297 3355 gione.
323 3279 388 3336 Imo
406 3279 500 3337 altera
517 3278 716 3338 similitudinis
733 3277 810 3336 ratio
828 3277 999 3352 accipienda
1016 3285 1075 3354 est,
1095 3295 1201 3354 quam,
1225 3279 1304 3336 resu-

200 3387 264 3438 tata
278 3377 395 3438 Gnosu
406 3379 559 3454 opinione,
573 3378 707 3455 praecise
719 3377 851 3436 definivit
861 3377 1018 3436 Hauosrn.
1031 3379 1128 3453 Apoo.
1141 3377 1188 3450 11,
1202 3396 1231 3452 p.
1240 3381 1303 3436 145:

201 3480 271 3552 „die
296 3481 327 3537 in
350 3480 404 3538 das
427 3477 564 3538 Gewand
586 3479 640 3538 der
662 3478 753 3536 Liebe
775 3478 838 3536 sioh
859 3477 996 3536 hiillende
1019 3479 1077 3536 und
1102 3487 1187 3536 unter
1210 3479 1303 3536 ihrem

200 3577 326 3640 Soheine
342 3579 554 3656 Beiriedigung
566 3579 617 3638 des
631 3578 753 3654 sigeneu
766 3576 906 3637 Geldstes
923 3577 1069 3637 suohende
1085 3576 1303 3637 Selbstsuoht.“

200 3678 369 3755 Cogitanda
392 3687 461 3738 sunt
480 3678 717 3756 igitur',‚dolosa
739 3677 859 3736 foedera
875 3677 943 3749 illa,
968 3677 1075 3754 quibus
1101 3677 1176 3735 alias
1201 3685 1304 3752 gentes

200 3780 238 3837 ad
257 3797 289 3838 se
305 3785 514 3854 pertraxerunt
529 3779 650 3855 Assyrii
667 3787 697 3837 et
713 3779 770 3838 sibi
787 3778 907 3836 tandem
925 3777 1145 3849 subiecerunt,“
1166 3778 1303 3849 Assum,

201 3878 313 3951 (lanu,
343 3879 367 3936 Ι.
386 3879 424 3937 D.
439 3880 552 3953 M1orr.‚
578 3879 718 3950 Keras,
741 3879 859 3951 Mnus,
878 3876 998 3950 Urusa,
1019 3877 1109 3934 Hrrz.
1129 3877 1178 3935 all.
1219 3875 1304 3950 Quae

199 3979 404 4056 interpretatio
423 3999 512 4056 quam
530 3979 569 4038 sit
584 3980 691 4038 idonea
707 3987 737 4037 et
753 3979 838 4037 unios
855 3978 940 4038 simul
959 3977 1155 4049 admittenda,
1181 3977 1303 4036 eoolla·

200 4080 238 4139 tis
255 4101 302 4140 vv.
319 4087 331 4138 l
351 4089 380 4139 et
397 4086 444 4148 4,-
455 4086 486 4153 7,
511 4080 665 4158 magisque
689 4080 777 4138 etiam
795 4099 811 4138 e
828 4079 950 4156 reliquis
968 4097 1071 4138 versus
1091 4078 1187 4137 nostri
1204 4077 1303 4136 verbis

200 4181 273 4240 setis
291 4201 437 4258 superque
455 4190 587 4259 apparet.
615 4182 639 4239 I.
653 4180 693 4240 H.
709 4181 820 4251 Mrem,
838 4179 989 4240 Ksntusm
1009 4188 1166 4256 utrumque
1184 4193 1304 4238 sensum
