2954 4808
191 197 243 241 uvr
543 177 790 234 Pnouneounnn.
816 171 888 231 One.
908 171 947 229 Il.
976 185 979 192 ·

194 383 260 424 eum
283 361 413 437 excepit,
443 359 564 418 insanas
587 357 698 416 Achaei
727 375 829 433 preces
851 357 977 414 libenter
999 353 1170 427 exaudivit,
1202 354 1254 430 qui
1281 373 1300 412 a

194 465 323 534 Retico,
346 459 489 520 Damasei
513 477 597 534 rege,
623 465 653 516 et
668 458 788 530 Pekah,
811 456 1013 516 Israelitarum
1035 453 1183 530 principe,
1211 455 1299 512 vehe-

195 572 306 624 menter
328 569 455 620 vexatus
472 559 551 636 regis
569 557 689 634 Assyrii
710 558 855 616 auxilium
877 554 1049 633 imploravit
1071 575 1098 613 a.
1116 557 1182 626 740,
1207 562 1301 631 atque

196 667 270 725 adeo
289 662 400 734 effecit,
418 669 452 718 ut
467 660 518 718 ille
531 657 812 737 Syro-Damasceno
828 675 920 734 regno
938 656 1027 732 plane
1040 673 1144 714 everso
1159 672 1300 731 magnam

341 815 397 822 ...q

196 917 224 964 in
242 913 371 964 elimanda
388 928 419 963 ea
436 914 598 974 difficultate,
616 910 684 976 quod
701 917 867 960 monumenta
883 908 1090 970 Kborsabadica,
1115 921 1182 972 quae
1199 907 1302 958 Salma-

196 1000 310 1048 nassaris
327 1012 420 1048 nomen
438 998 587 1060 inscriptum
603 996 713 1056 babent,
732 1000 786 1044 tam
801 995 921 1044 universo
937 994 1027 1042 habitu
1046 1006 1123 1056 quam
1136 993 1243 1056 singulis
1260 1007 1300 1042 re·

196 1083 244 1132 bus
260 1081 392 1146 permultis
410 1081 475 1130 adeo
494 1079 617 1128 differunt
633 1079 665 1128 ab
684 1080 883 1143 antiquioribus,
906 1077 1032 1128 NImrnde
1054 1077 1166 1126 inventis
1182 1079 1248 1140 illis,
1272 1085 1302 1126 ut

197 1171 242 1217 aut
263 1166 393 1216 modicum
415 1164 537 1227 temporis
559 1165 723 1213 intervallum
745 1165 814 1213 inter
834 1169 942 1226 utraque
966 1159 1096 1209 videretur
1118 1161 1300 1222 intercessisse,

197 1257 241 1299 aut
260 1249 351 1298 seditio
368 1246 494 1310 quaedam
513 1252 539 1295 et
555 1260 640 1296 rerum
659 1249 773 1298 omnium
788 1248 932 1296 Immutatio
955 1245 1077 1295 accidisse
1099 1245 1155 1308 (cfr.
1172 1245 1301 1296 Rnwtnts.

198 1333 295 1389 Comm.
313 1349 339 1397 p.
353 1333 385 1382 55
398 1346 431 1381 ss.
449 1332 511 1381 Ins.
529 1329 591 1380 Nin.
608 1345 633 1394 p.
647 1330 697 1380 256
710 1331 753 1392 ss.)
771 1331 850 1396 quid?
867 1331 937 1395 quod
953 1330 1032 1392 Bora,
1050 1343 1125 1379 versa
1143 1330 1301 1392 vice,Kbor-

198 1416 345 1466 sabadicum
368 1415 493 1478 palatium
516 1415 593 1479 longe
617 1417 739 1465 venistine
764 1417 869 1479 reliquis
899 1430 955 1464 esse
984 1416 1141 1478 argumentis
1168 1415 1302 1479 permultis

198 1499 377 1564 comprobasse
396 1499 445 1547 sibi
462 1497 564 1547 videtur
581 1497 637 1562 (cfr.
655 1498 702 1547 1.1.
720 1515 744 1563 p.
758 1501 807 1552 301
821 1498 873 1561 sa).
901 1497 1048 1549 Novissime
1066 1499 1146 1547 titulis
1164 1497 1302 1562 diligenter

199 1585 313 1634 excussis
330 1598 361 1632 eo
379 1598 406 1632 se
423 1584 570 1648 pervenisse
589 1582 663 1633 docet
680 1583 784 1645 Rauen,
809 1590 837 1633 ut
855 1584 887 1633 ab
904 1597 965 1646 rege
982 1583 1029 1632 illo
1047 1588 1159 1632 veterem
1176 1581 1301 1632 familiam

198 1682 278 1732 regno
301 1668 408 1716 eiectam
430 1667 598 1730 intelligerem
623 1681 704 1730 eoque
726 1667 889 1718 referendum
912 1681 982 1728 esse,
1010 1667 1079 1730 quod
1105 1659 1217 1718 maior‘es
1241 1681 1302 1716 suos

198 1767 337 1815 numquam
360 1751 463 1800 nomine
486 1751 625 1816 appellaret
648 1751 704 1810 (eir.
721 1751 783 1800 Lar.
802 1768 827 1816 p.
841 1749 908 1812 294).
944 1752 1030 1802 Possit
1052 1752 1155 1815 quidem
1177 1752 1205 1799 in
1227 1750 1302 1800 huius

199 1837 341 1885 sententiae
358 1835 474 1884 favorem
490 1836 588 1896 notari,
604 1840 633 1884 ut
650 1835 724 1885 nobis
740 1836 850 1897 videtur,
868 1835 937 1899 quod
954 1835 1074 1886 Berosus
1091 1835 1186 1886 Euseb.
1205 1834 1301 1884 chron.

197 1935 222 1984 p.
233 1920 266 1968 40
277 1919 309 1967 ab
320 1933 387 1968 anno
397 1935 418 1968 c.
430 1921 496 1969 1213
512 1919 587 1968 XLV
598 1933 671 1982 reges
688 1920 854 1983 Assyriorum
872 1927 1014 1984 computat,
1038 1921 1128 1984 quibus
1152 1918 1184 1968 ab
1209 1931 1233 1969 a.
1252 1919 1301 1968 747

199 2002 233 2051 ad
251 2016 275 2051 a.
295 2003 344 2052 625
364 2005 379 2052 8
397 2017 471 2066 reges
488 2010 514 2052 et
531 2005 601 2068 ipsos
618 2004 741 2067 Assyrios
759 2003 832 2052 addit
849 2003 905 2066 (cir.
922 2003 1044 2052 Bnanms.
1062 2003 1080 2053 l.
1091 2004 1108 2052 l.
1127 2003 1152 2052 d.
1166 1999 1217 2062 17).
1234 2003 1302 2052 Tum

198 2099 260 2136 vero
277 2085 366 2137 Rnwt.
385 2102 442 2136 cum
459 2087 615 2137 confidentia
634 2095 660 2137 et
678 2087 829 2138 certitudine
847 2103 878 2137 eo
901 2088 1011 2151 insistit,
1035 2095 1064 2136 ut
1082 2085 1301 2138 Salmanaesarem

197 2184 251 2220 non
274 2171 357 2220 solum
380 2171 490 2220 eundem
511 2172 591 2223 fuisse
613 2188 642 2222 ec
663 2171 805 2234 Sargouem
823 2171 887 2232 (les.
906 2172 973 2234 XX,
993 2171 1038 2234 1),
1062 2186 1149 2222 verum
1172 2172 1250 2222 etiam
1274 2185 1304 2220 ac

198 2255 305 2318 Tiglatb
329 2255 471 2304 Pileearem
496 2258 679 2306 existimemus.
717 2255 763 2318 ,In
786 2255 830 2304 the
850 2257 947 2306 former
969 2256 999 2306 oi
1012 2257 1085 2306 these
1102 2253 1201 2316 titles,“
1220 2255 1304 2318 inquit

197 2335 277 2399 (Outl.
295 2354 320 2402 p.
332 2338 440 2387 XXVII
457 2339 561 2404 Tiglatb
578 2338 693 2403 (Tilgath
710 2341 737 2386 in
748 2338 910 2402 Chronicles,
929 2340 981 2388 and
994 2333 1113 2406 Τιέγλαθ
1124 2340 1152 2388 in
1164 2337 1207 2386 the
1217 2337 1303 2400 LXX)

197 2421 221 2468 is
239 2435 256 2469 a
273 2421 422 2484 corruption
439 2421 470 2469 of
484 2422 584 2472 Tarkat
602 2439 632 2473 or
650 2423 762 2484 Tangat,
785 2424 829 2472 tbe
851 2424 963 2488 goddess
980 2425 1091 2475 Derceto
1114 2439 1144 2474 or
1161 2422 1303 2487 Atargatis.

198 2503 241 2553 Pil
257 2503 325 2554 from
351 2491 429 2572 ³¹75,
453 2513 494 2567 ,to
512 2506 654 2572 worship,“
674 2506 725 2556 and
743 2507 808 2556 Eser
825 2509 847 2558 is
865 2509 908 2558 the
926 2507 977 2571 god
989 2509 1085 2569 Assur3
1104 2521 1120 2556 a
1136 2507 1192 2556 title
1203 2505 1304 2556 formed

199 2586 230 2636 oi
243 2583 315 2636 these
332 2589 430 2651 precise
448 2591 575 2654 Assyrien
593 2592 717 2640 elementa
734 2592 812 2654 being
828 2591 871 2642 the
890 2591 1013 2642 standard
1031 2591 1127 2657 epithet
1148 2589 1178 2640 of
1193 2589 1304 2654 Sargina

198 2672 225 2720 in
245 2671 280 2720 all
302 2669 342 2720 bis
365 2672 540 2737 inscriptions3
565 2675 642 2724 while
660 2673 842 2725 Shalmeneser
863 2677 886 2725 is
909 2676 1033 2741 probably
1055 2675 1096 2724 ior
1113 2673 1237 2724 Shalman
1259 2675 1303 2724 the

198 2754 326 2819 Assyriam
343 2756 418 2818 (Hos.
428 2757 467 2818 X,
481 2757 537 2820 14),
555 2757 653 2810 Sallam
665 2758 740 2820 Anu,
760 2759 818 2821 ,the
836 2759 949 2810 likeness
967 2761 997 2811 of
1011 2757 1086 2809 Anu“
1106 2756 1137 2820 (i)
1153 2758 1231 2822 being
1248 2759 1303 2809 also

199 2838 242 2887 the
261 2839 355 2888 second
374 2841 404 2890 of
419 2841 550 2906 Sargina's
568 2841 667 2904 titlesf‘,
687 2842 727 2892 Ac
745 2841 887 2908 Sargonem
906 2845 1008 2908 quidem
1026 2859 1046 2894 s.
1065 2841 1177 2905 Sargina
1193 2842 1303 2892 eundem

199 2936 255 2971 esse
268 2937 298 2972 ac
310 2921 545 2988 Salmauassarem,
563 2926 751 2976 Kborsebadici
761 2927 852 2991 palatii
865 2929 1038 2987 conditorem,
1055 2929 1108 2976 iam
1126 2925 1225 2988 pridem
1243 2942 1303 2976 con-

199 3007 282 3055 tendit
299 3007 355 3068 ille,
375 3007 419 3058 cir.
430 3009 525 3058 Athen.
543 3009 626 3058 Lond.
637 3011 718 3070 1851,
735 3009 787 3059 No.
801 3012 880 3073 1243,
898 3027 922 3076 p.
935 3012 999 3074 903,
1016 3011 1092 3074 idque
1111 3009 1164 3058 veri
1181 3023 1234 3059 non
1251 3010 1302 3061 dis-

199 3091 282 3140 simile
300 3105 372 3151 esse,
389 3091 442 3140 imo
460 3093 635 3142 difficultatem
654 3095 737 3154 illam,
752 3094 824 3178 quod
840 3110 965 3159 nusquam
982 3094 1057 3142 buius
1075 3093 1143 3156 regis
1161 3092 1213 3142 alia
1230 3109 1303 3158 prae-

199 3180 271 3223 terea
294 3175 418 3223 memoria
441 3168 652 3239 deprehenditur,
676 3179 771 3243 optime
794 3179 832 3227 ita
849 3179 977 3243 expediri,
1001 3176 1097 3225 dudum
1121 3175 1303 3227 intellexerunt

199 3257 338 3319 Vrrnrncn,
357 3257 559 3322 Orrrnanusrus,
576 3261 726 3324 Erasmus,
744 3263 875 3321 Mourena,
892 3262 1045 3310 Dunensnsn
1063 3259 1120 3322 all.;
1140 3268 1303 3312 namutcum

200 3340 344 3391 Senberibo
379 3341 487 3390 eundern
523 3343 602 3392 fuisse
636 3347 782 3408 opinemur,
815 3360 868 3394 non
896 3359 1000 3394 movere
1029 3357 1076 3393 nos
1106 3349 1204 3407 potest,
1234 3347 1303 3408 quod

199 3424 267 3474 idern
285 3426 416 3490 utriusque
434 3426 488 3474 dux
505 3428 660 3489 nominatur,
678 3429 777 3477 Tartan
796 3428 850 3490 (cfr.
868 3429 919 3478 Ies.
937 3429 1004 3488 XX,
1018 3429 1041 3476 1.
1059 3427 1148 3492 2Reg.
1160 3429 1267 3492 XVIII,
1278 3430 1304 3491 7)

198 3509 244 3558 cfr.
254 3508 327 3558 Kurra.
339 3526 364 3574 p.
374 3509 438 3572 461,
457 3511 578 3572 quoniam
595 3512 622 3560 id
640 3526 733 3561 nomen
751 3526 804 3560 non
821 3513 904 3561 minus
922 3511 1073 3574 dignitatem
1091 3511 1220 3562 indIcasse
1233 3514 1303 3564 vide·

198 3600 242 3642 tur
258 3607 335 3657 quam
352 3593 474 3644 Rabsake
497 3600 523 3642 et
539 3593 675 3656 Rabsaris,
697 3594 742 3644 cfr.
760 3594 823 3646 Bon.
841 3598 858 3646 1.
871 3596 889 3646 1.
907 3613 932 3660 p.
945 3598 987 3646 41.
1007 3597 1064 3646 149.
1084 3597 1132 3647 112
1151 3597 1194 3646 all.
1229 3599 1303 3648 Alte·

198 3691 255 3728 ram
273 3684 359 3728 autem
377 3679 530 3727 sententiam
548 3693 621 3728 suam
638 3679 727 3728 Rnwn.
746 3693 776 3728 eo
795 3681 843 3729 sibi
861 3681 963 3730 videtur
979 3681 1083 3744 fulcire,
1105 3680 1175 3745 quod
1196 3681 1224 3730 in
1240 3682 1302 3732 libb.
1461 3643 1462 3712 A

198 3761 328 3827 Paralipp.
347 3761 549 3812 Salmanassaris
566 3777 660 3812 nomen
678 3777 730 3812 non
747 3764 853 3826 legitur;
872 3770 898 3814 et
915 3780 976 3815 vero
994 3767 1022 3815 in
1039 3765 1066 3814 ll.
1083 3765 1164 3829 Regg.
1182 3765 1214 3814 de
1231 3772 1303 3816 utro-

199 3861 249 3909 que
266 3846 362 3897 dictum
378 3847 501 3910 legimus,
519 3847 563 3896 cfr.
583 3849 597 3895 2
611 3847 744 3910 RegXV,
758 3848 799 3897 29.
816 3847 963 3911 XVIII,9;
980 3847 1223 3899 deinSanheribum
1240 3865 1302 3914 quo-

199 3943 248 3993 que
265 3930 334 3979 idem
352 3931 400 3979 sibi
418 3943 512 3979 nomen
525 3930 629 3993 Tiglatb
641 3930 762 3980 Pilesaris
779 3933 930 3996 imposuisse
949 3939 1080 3982 asseverat
1096 3931 1166 3982 Outl.
1178 3949 1202 3996 p.
1212 3933 1301 3984 XXX.
1341 3924 1345 3956 ²

198 4013 271 4062 Licet
287 4028 349 4062 vero
366 4027 472 4063 numero
489 4027 578 4078 regum
595 4021 621 4062 et
638 4016 729 4064 ordine
747 4030 761 4064 e
779 4018 950 4066 monumentis
967 4024 1087 4080 percepto
1099 4017 1163 4070 haec
1174 4021 1302 4069 sententia

198 4095 317 4144 uldeatur
334 4096 521 4157 commendari,
545 4103 631 4146 tamen
654 4099 735 4148 tribus
758 4099 904 4149 nominibus
929 4101 1038 4152 eundem
1062 4115 1150 4164 regem
1173 4105 1200 4152 in
1222 4105 1249 4153 ll.
1267 4118 1301 4153 ss.
1330 4088 1332 4093 ¹

198 4180 338 4244 nuncupari
357 4178 425 4227 haud
438 4181 499 4229 satis
512 4181 632 4230 credibile
645 4183 832 4243 existimamus,
851 4169 933 4234 donec
944 4185 1053 4236 certiore
1066 4187 1198 4237 tittdorum
1210 4202 1302 4238 cunea-
