2954 4808
195 226 257 266 axx
527 208 773 264 Pnonsaonnnn.
799 205 871 264 Car.
890 205 944 262 Ill.

195 395 243 470 gie
260 391 378 450 claudit.
405 389 563 448 Corollarii
582 391 800 467 quodammodo
818 391 900 461 loco,
920 390 971 465 qni
984 386 1138 447 Chaldaici
1157 385 1299 464 temporis

196 492 355 554 secundnm
377 499 455 548 tenet
472 492 584 564 locum,
602 490 804 549 Zarnaumn¹
822 492 911 548 breve
929 497 958 547 et
975 489 1155 548 succinctum
1173 489 1209 546 de
1218 487 1299 546 Nino

197 593 312 652 addidit
329 591 514 664 vaticinium,
533 593 629 669 quod,
648 611 712 649 cum
728 591 912 667 oppugnatio
928 589 1007 648 urhis
1019 591 1079 647 iam
1092 597 1198 664 coepta
1211 598 1299 661 esset,

196 713 234 752 ne
249 695 395 750 humanae
413 692 530 767 quidem
548 692 726 750 dubitationi
742 691 833 749 ullam
850 690 989 767 relinquit
1002 709 1115 748 ansam.
1142 690 1299 748 Postremo

195 790 379 851 Ezncn1nn²
395 791 569 851 immensam
587 792 663 851 tanti
679 791 796 868 imperii
813 791 928 850 ruinam
942 791 1096 868 praeclara
1109 790 1302 848 similitudine

197 891 364 968 deploravit
393 901 422 949 et
442 900 586 970 tanquam
616 901 702 950 atrox
732 892 962 967 omnipotentiae
996 891 1114 950 divinae
1144 890 1302 966 proposuit

197 993 373 1068 exemplum.

249 1094 349 1167 Quare
367 1111 432 1150 eum
450 1104 539 1168 caput
556 1093 723 1168 argumenti
732 1112 797 1151 cum
811 1092 878 1151 aliis
891 1089 1187 1158 vaticiniisNahumo
1202 1091 1301 1149 videa-

198 1214 263 1252 mus
281 1200 434 1251 commune
451 1212 531 1265 esse,
556 1192 714 1267 singularis
738 1202 836 1252 tamen
861 1192 972 1250 oraculi
999 1191 1076 1249 ratio
1101 1199 1190 1268 atque
1212 1210 1301 1266 pecn-

199 1295 281 1352 liaris
305 1293 336 1350 in
364 1311 399 1350 eo
417 1293 545 1368 primum
564 1293 756 1368 conspicitur,
784 1293 864 1370 quod
881 1291 1074 1368 Assyriorum
1098 1289 1228 1349 interitui
1252 1291 1301 1349 de-

201 1395 355 1454 scribendo
373 1393 532 1469 plurimum
550 1393 666 1466 tribuit,
691 1394 901 1452 redemtionem
918 1393 1094 1450 Iudaeomm
1112 1391 1214 1467 paucis
1237 1400 1302 1449 tan·

201 1506 263 1554 tum
281 1493 446 1564 declarat³‚
474 1503 564 1571 atque
577 1495 743 1556 adeosatis
761 1495 922 1554 luculenter
939 1493 1067 1552 ostendit
1084 1492 1188 1551 salutis
1206 1493 1301 1550 notio-

200 1616 266 1654 nem
290 1597 320 1652 in
338 1595 375 1653 V.
395 1594 442 1652 To
468 1595 596 1672 maxime
620 1595 749 1670 positam
777 1613 841 1654 esse
863 1595 893 1652 in
920 1593 1076 1652 securitate
1099 1593 1137 1651 ah
1165 1593 1301 1652 hostibus

201 1695 401 1771 adipiscenda.
444 1693 550 1770 Neque
572 1713 642 1751 vero
662 1696 820 1753 secundum
837 1693 968 1752 Nahumi
985 1693 1165 1764 doctrinam,
1185 1693 1302 1768 qualern

200 1796 229 1852 in
248 1813 307 1852 uno
325 1795 382 1851 hoc
399 1794 499 1852 libello
517 1794 660 1853 habemus
678 1814 866 1871 expressam,
885 1793 1004 1854 Israelis
1020 1793 1100 1852 salus
1117 1801 1147 1851 et
1159 1793 1301 1850 redemtio

200 1895 238 1953 ad
256 1913 401 1954 summum
419 1896 506 1953 finem
526 1914 610 1953 suum
629 1896 774 1973 simulque
792 1895 938 1954 cumulum
958 1894 1066 1970 vergit,
1085 1893 1180 1970 quiin
1193 1893 1303 1952 Massia

199 1996 315 2072 positus
326 2003 385 2053 est:
405 1995 478 2054 nihil
489 1996 565 2053 enim
578 1996 608 2052 in
623 1997 764 2054 vaticinio
778 1997 841 2056 eius
856 1996 1090 2084 deprehenditur,
1110 1995 1192 2071 quod
1208 1996 1302 2070 probe

199 2095 344 2172 appellari
368 2106 472 2171 posset
494 2097 689 2155 Messianum:
715 2097 818 2174 negari
843 2105 941 2154 tamen
967 2095 1084 2172 nequit,
1117 2113 1177 2152 non
1204 2095 1302 2170 prima

123 2229 124 2232 ¹
198 2207 312 2256 tantum
331 2197 451 2255 alterius
469 2197 574 2272 capitis
592 2196 712 2269 verba4,
736 2216 837 2254 verum
860 2198 952 2255 totius
975 2195 1086 2254 oraculi
1110 2196 1197 2272 quasi
1223 2214 1301 2254 sum·

200 2317 294 2370 marn,
312 2298 495 2355 eversionem
512 2297 628 2373 imperii
646 2297 786 2356 secularis
805 2305 894 2375 atque
911 2297 1007 2374 gentis
1025 2315 1127 2354 sacrae
1148 2296 1301 2354 liberatio—

199 2418 264 2455 nem
282 2406 311 2454 et
328 2397 554 2470 restitutionem,
572 2397 603 2454 in
621 2395 740 2456 Christo
759 2398 874 2456 demum
892 2398 1013 2474 eiusque
1030 2415 1122 2474 regno
1141 2397 1258 2456 absolvi
1275 2406 1304 2454 et
1383 2417 1385 2420 ·

165 2534 169 2542 ‹
200 2497 350 2556 cumulari.
377 2497 454 2554 Tum
473 2516 543 2556 vero
561 2498 647 2556 sicuti
665 2518 683 2556 a
700 2498 764 2556 zelo
781 2498 903 2556 Domini
920 2511 949 2556 et
967 2498 1085 2574 energia
1106 2497 1302 2574 proficiscitur

198 2599 229 2670 1,
248 2603 279 2670 2,
300 2616 376 2673 quae
392 2607 577 2674 peccatorem
593 2617 653 2656 non
667 2599 796 2658 dimittat
810 2600 972 2671 insontem,
990 2599 1033 2657 ita
1051 2617 1104 2674 per
1122 2617 1209 2656 omne
1227 2598 1301 2656 vati-

200 2697 307 2756 cinium
332 2696 451 2756 talionis
475 2698 592 2756 divinae
614 2707 644 2757 et
675 2700 878 2758 retributionis
909 2699 1068 2758 declaratio
1098 2698 1147 2757 vel
1181 2698 1302 2757 latitans

201 2798 420 2875 quodammodo
439 2799 493 2856 sub
512 2799 683 2874 superficie,
702 2801 749 2858 rel
766 2801 898 2876 apertius
910 2795 1053 2875 expressa
1067 2799 1303 2874 deprehenditur,

198 2899 230 2957 id
253 2900 333 2976 quod
356 2899 387 2956 in
410 2899 533 2977 singulis
559 2900 697 2976 deinceps
721 2901 795 2959 locis
820 2899 1003 2977 explicandis
1027 2899 1218 2958 ostendimus.
1256 2902 1304 2957 Ae

199 2999 285 3059 sicuti
302 3001 333 3058 in
351 2999 542 3060 describendo
564 3001 619 3058 zeli
636 3001 728 3059 divini
746 3001 853 3058 ardore
870 3009 1020 3071 versatur,
1049 3000 1092 3058 ita
1119 3000 1215 3058 oratio
1241 2999 1302 3058 eius

198 3102 266 3176 ipsa
283 3103 350 3178 igne
368 3100 587 3177 quodammodo
601 3109 632 3159 et
645 3101 770 3160 flammis
784 3102 910 3177 flagrare
924 3101 1055 3171 videtum
1074 3100 1213 3176 apposite
1226 3101 1303 3158 enim

199 3200 388 3258 Lowrmos⁵
402 3200 501 3258 stilum
516 3201 579 3260 eins
592 3201 638 3261 his
651 3201 826 3277 perstrinxit
844 3202 957 3259 verbis:
977 3219 1037 3272 „ex
1055 3201 1191 3259 omnihus
1208 3201 1303 3258 mino-

198 3300 281 3359 ribns
298 3300 451 3377 prophetis
469 3319 554 3358 nemo
573 3302 687 3361 videtur
704 3319 832 3379 aequare
850 3301 1076 3373 sublimitatem,
1104 3301 1255 3374 ardorem,
1275 3311 1304 3360 et

199 3399 324 3459 audaces
343 3400 465 3475 spiritus
483 3400 629 3474 Nahumi3
640 3407 659 3436 ‘⁴
678 3421 730 3460 nec
748 3420 807 3459 non
825 3401 1222 3487 assentimus'Kannnnnro,
1241 3403 1302 3479 qni,

201 3652 228 3694 nt
237 3645 326 3695 Iudaei
337 3645 460 3694 Manasse
477 3653 601 3710 regnante
619 3649 645 3696 in
665 3645 824 3695 atrocissima
841 3653 946 3710 peecata
964 3648 1059 3697 reversi
1076 3648 1159 3697 minas
1176 3647 1234 3696 illas
1252 3648 1304 3697 ianr

200 3737 334 3780 eventuras
352 3732 574 3794 pertimescerent:
597 3732 688 3780 eodem
708 3731 775 3779 enim
793 3739 907 3794 tempore
925 3731 1029 3780 Nahum
1053 3733 1114 3796 ipsis
1132 3733 1246 3795 Assyriis
1265 3733 1303 3782 in-

199 3817 302 3864 teritum
318 3817 424 3877 instare,
441 3815 545 3866 Iudaeis
563 3823 648 3864 autem
666 3815 774 3863 salutern
794 3821 819 3864 et
836 3814 1020 3865 redemtionem
1038 3817 1184 3865 affirmavit.

250 3900 275 3960 1)
293 3901 345 3951 Cfr,
365 3901 443 3965 Zeph.
462 3901 503 3961 ΙΙ,
523 3901 643 3950 13-15.

249 3983 274 4044 2)
292 3983 345 4032 cfr.
363 3985 457 4036 Ezech.
475 3983 578 4034 XXXI.
597 3983 719 4043 XXXII,
738 3985 769 4034 22
788 4000 820 4033 ss.

250 4068 275 4128 3)
293 4069 346 4118 Ofr.
365 4069 546 4122 Hnnvxnrncnn
564 4067 646 4117 Vorll.
665 4065 729 4116 fiber
747 4069 788 4118 die
807 4069 897 4119 Theol.
917 4071 962 4118 des
981 4070 1014 4118 A.
1028 4067 1059 4116 T.
1078 4085 1101 4132 p.
1115 4069 1172 4118 160.

250 4151 276 4212 4)
294 4152 346 4202 Cfr.
364 4155 441 4215 aas,
459 4153 501 4202 51.

248 4241 274 4301 h)
292 4237 344 4286 Cir.
362 4235 466 4286 Lawra.
484 4236 516 4285 de
535 4249 607 4286 sacra
626 4238 696 4302 poesi
713 4237 805 4287 Hebrr.
826 4235 849 4298 ξ.
862 4237 922 4299 281,
