2954 4808
175 143 222 211 20
597 145 851 219 emant-e.

176 333 276 394 siones
306 333 366 392 fere
397 349 499 391 omnes
522 331 677 389 exhibent:
714 329 866 388 tollitur
894 330 931 389 in
962 331 1094 404 altum,
1117 331 1186 390 soil.
1212 348 1278 390 eum
1359 393 1364 404 ,

173 443 316 494 tremore:
340 432 429 491 LXX
446 419 626 512 ἀνεστάλη,
648 430 742 489 Hrun.
761 428 829 507 Syr.
847 432 1037 505 contremuit,
1056 429 1155 492 Statu.
1172 431 1278 490 Tirso-

173 550 314 594 oonnrus
331 522 482 615 ἐκινήθη,
502 529 627 590 Ovnnn.
647 520 792 613 χωρήσει
808 523 895 608 πρὸς
909 525 953 591 τὸ
973 525 1087 613 μηδὲν,
1112 525 1169 591 καὶ
1183 521 1278 592 ἔσται

174 626 277 693 πάλιν
299 621 344 705 ὥς
366 619 425 707 οὐχ
447 619 641 710 ὑπάρχουσα
650 641 661 704 ,’
676 631 824 704 aufertur,
843 632 996 706 Faenum,
1014 651 1091 692 eurr.
1109 651 1195 709 exeg.
1212 633 1277 691 orit.

173 737 205 794 in
222 733 301 794 Nah.
319 733 426 810 proph.
445 731 608 810 specimen,
632 732 788 792 Rostoohii
806 736 882 792 1806.
918 731 977 807 Qui
1000 751 1103 793 omnes
1124 733 1157 791 in
1179 751 1214 791 eo
1233 753 1278 790 er·

173 844 256 907 rant,
270 835 362 911 'quod
384 834 535 909 passivam
557 832 747 891 reddiderunt
769 833 896 908 speciem
918 851 974 908 pro
1000 834 1116 904 aotiva3
1143 833 1175 891 id
1197 834 1277 910 quod

175 936 255 996 eadit
270 935 301 992 in
319 935 443 994 alteram
460 953 578 1012 quoq-ue
594 943 709 1010 partem
726 935 757 1011 2)
775 933 826 1011 qui
842 933 1029 1010 praeferunt:
1048 933 1279 1007 „attollitur

174 1035 380 1095 incendio“
405 1035 516 1094 Issum
545 1041 575 1092 et
603 1033 717 1093 lunam
746 1034 808 1092 fere
837 1052 955 1107 omnes,
986 1034 1072 1106 Iun,
1105 1033 1277 1106 Taunum„

175 1135 323 1207 Senum,
348 1143 378 1194 et
402 1135 453 1212 qui
477 1134 616 1211 supplent
640 1149 690 1194 tore
715 1153 836 1193 eversu
859 1142 1009 1212 sequente.
1050 1133 1160 1194 Nescio
1183 1153 1222 1192 an
1245 1135 1277 1192 in

174 1239 252 1296 huno
278 1235 435 1295 inciderint
459 1253 605 1306 errorem,
629 1234 755 1310 preteeti
777 1234 846 1292 inde
869 1235 919 1294 ubi
942 1235 1072 1294 maxima
1101 1233 1277 1294 nostratium

174 1337 246 1414 pars
263 1336 413 1396 constitit:
429 1338 460 1414 3)
477 1334 631 1394 attollit
646 1353 687 1394 se
703 1334 867 1408 (iocosius,
883 1337 1054 1408 Anausin,
1071 1335 1185 1407 Maura,
1198 1334 1276 1406 ΕΜ,

174 1438 276 1509 Hira,
293 1437 406 1508 Honn„
423 1436 525 1495 Urias.
544 1435 612 1507 all.;
630 1443 749 1496 atvero
766 1435 954 1494 intransitiva
969 1434 1278 1521 potestas-planeob·

175 1538 303 1597 truditur
330 1538 432 1596 verbo.
476 1537 542 1614 Ago
567 1535 952 1612 examinemusex'empla,
984 1537 1091 1614 quibus
1118 1535 1177 1594 tale
1206 1535 1278 1612 quid

175 1637 364 1714 comprobari
380 1643 561 1696 asseverant.
595 1635 818 1709 Num.x1v‚›1
837 1631 911 1712 ntro
934 1652 1010 1704 tanat
1034 1650 1121 1698 truvo
1136 1629 1175 1696 Β)
1191 1651 1276 1700 aaron

175 1739 303 1798 vidimus
319 1738 358 1796 ad
375 1758 404 1797 v.
419 1741 444 1795 l.
470 1732 523 1811 &tp
541 1736 724 1794 referendum
741 1715 806 1796 esse
818 1734 908 1796 etiam
925 1735 964 1794 ad
977 1753 1063 1802 elom
1072 1756 1081 1809 3
1098 1734 1175 1794 Hos.
1188 1734 1276 1807 XIII,

177 1846 190 1896 l
208 1839 234 1897 1.
247 1837 288 1896 H.
302 1839 398 1896 Mrem·
415 1843 493 1896 reate
509 1836 734 1912 interpretatur:
760 1835 913 1913 „portavit
929 1837 994 1913 ipse
1010 1837 1073 1896 soil.
1092 1839 1177 1896 suum
1193 1835 1277 1912 loqui

175 1960 200 2000 a
226 1938 405 1997 horrendum
428 1937 502 1995 illud
528 1944 680 2013 peecatum
706 1955 807 2009 suum3
831 1943 968 2013 portatur
991 1945 1089 1996 autern
1114 1944 1275 2012 peecatum,

175 2059 242 2099 oum
264 2040 427 2115 imputatur
450 2046 480 2097 et
502 2037 699 2098 vindicatur.“
739 2037 819 2096 Hab.
833 2038 900 2109 1‚t
922 2053 984 2098 eruta
1005 2053 1085 2115 ptam
1107 2035 1278 2112 sirrrplioiter

175 2140 275 2200 audit:
302 2148 332 2199 et
354 2140 452 2198 rixam
474 2139 582 2199 tollunt
598 2137 715 2214 (erhebt
730 2141 829 2216 man);
856 2137 909 2196 Ps.
920 2137 1039 2210 XXIV,
1058 2141 1073 2194 9
1095 2138 1135 2202 ad
1152 2137 1276 2195 alterum

161 2247 277 2319 *natam
304 2252 354 2313 „et
371 2239 497 2300 attollite
513 2247 618 2316 portae
635 2239 840 2298 aeternitatis“
858 2237 1054 2313 supplendum
1071 2256 1136 2298 esse
1154 2237 1276 2314 „capita

175 2321 294 2400 vestra“
325 2359 363 2398 ex
386 2339 640 2412 antecedentibus,
669 2338 842 2400 reflexivam
872 2346 970 2397 autem
992 2337 1053 2396 vim
1077 2339 1159 2397 nullo
1185 2337 1274 2396 modo

174 2441 295 2499 concedi
308 2459 418 2517 posse,
437 2459 492 2499 ev.
506 2444 522 2497 7
535 2447 634 2515 patet,
652 2439 704 2498 ubi
718 2459 733 2498 e
746 2438 894 2498 contrario
907 2439 1032 2515 legimus
1049 2439 1080 2502 'rt
1097 2439 1124 2498 ’o
1143 2443 1275 2510 unwina

174 2543 324 2616 postremo
341 2540 393 2600 Ps.
406 2539 589 2613 LXXXIX,
608 2545 623 2598 9
645 2545 710 2606 ortt>
730 2559 790 2598 uon
807 2548 853 2600 est
868 2539 948 2598 infin.
965 2537 1097 2616 (Gasarv.
1111 2540 1185 2598 thes.
1199 2538 1274 2616 all),

175 2641 243 2712 sed,
267 2640 354 2700 monti
372 2641 437 2720 'erip
459 2641 524 2698 Iob.
536 2640 618 2714 XX,
636 2647 652 2699 6
668 2660 774 2699 nomen
799 2640 1017 2713 abbreviatum,
1044 2659 1110 2698 oum
1126 2643 1274 2716 potestate

174 2740 368 2814 sufflationis,
386 2759 438 2800 seu
450 2740 631 2816 altitudinis,
649 2740 854 2813 sublimitatis,
873 2741 925 2800 alr.
938 2739 1005 2799 Ew.
1020 2739 1119 2816 §loth
1134 2740 1272 2818 (laevi,

175 2847 205 2914 1,
225 2861 313 2919 qoem
329 2841 432 2900 laudat
448 2840 606 2915 Hostum,
631 2843 779 2919 pertinere
796 2841 854 2900 huo
869 2840 988 2919 nequit,
1014 2859 1079 2900 uum
1097 2846 1176 2907 new*
1199 2840 1274 2898 dilu-

174 2943 238 3003 oide
253 2943 296 3002 ibi
313 2942 469 3020 significet:
487 2941 677 3022 ponderare).
707 2944 740 3022 4)
752 2943 859 3001 Restat
874 2941 977 3018 paneis
990 2940 1108 3018 quidem
1121 2941 1275 3001 sublevata

173 3043 355 3115 fautoribus,
373 3042 457 3102 unice
471 3051 571 3102 tamen
588 3044 744 3119 probanda
761 3062 816 3102 usu
832 3041 857 3099 Ι.
871 3041 911 3100 Η.
926 3041 1100 3100 Mrcusuurs
1117 3049 1147 3110 et
1159 3041 1276 3118 Bonan

172 3142 392 3220 interpretatio:
410 3142 538 3216 tollit,
556 3143 731 3210 seilvooem
742 3162 837 3216 suam,
855 3141 1009 3201 clamando
1025 3142 1162 3201 nimirum
1171 3151 1200 3200 et
1214 3143 1274 3201 eiu-

172 3243 280 3317 lando‚
306 3245 386 3320 quod
403 3242 518 3302 dioendi
535 3261 627 3320 genus
650 3264 741 3322 supra
757 3263 827 3303 av.
850 3259 922 3303 stro
944 3243 1126 3303 enucleatum
1144 3252 1206 3316 est;
1230 3243 1275 3301 id-

173 3363 232 3421 que
247 3344 337 3421 longe
352 3343 452 3418 aptius
468 3342 585 3402 videtur
601 3345 810 3405 sententiarum
827 3342 917 3402 nexui
934 3352 964 3402 et
979 3345 1167 3422 progressui,
1185 3363 1275 3422 quam
1295 3325 1300 3332 ’

172 3444 282 3517 „ulmis
298 3443 459 3520 frigidum“
472 3443 482 3475 ¹
497 3443 584 3502 illud:
602 3447 713 3506 attollit
730 3465 771 3506 se.
797 3443 958 3504 Exclamat
974 3453 1070 3504 autem
1085 3453 1164 3505 terra
1179 3460 1273 3517 tarso,

170 3563 243 3621 prae
261 3545 337 3605 faeie
360 3562 384 3603 s.
409 3554 568 3620 conspeetu
591 3545 669 3619 eius,
700 3547 752 3606 eir.
770 3545 829 3604 Ies.
843 3543 905 3617 v1,
923 3547 956 3616 53
982 3545 1148 3605 conclamat
1170 3544 1275 3604 deinde

169 3663 230 3705 una
253 3665 319 3706 eum
345 3646 417 3705 orbe
441 3655 586 3706 terrarum
610 3661 653 3705 tt:
673 3661 761 3711 aaut*
782 3639 835 3712 int
858 3638 949 3724 inor,
970 3633 990 3726 ἡ
1013 3633 1207 3727 οἰκουμένη,
1230 3653 1276 3705 est

169 3745 247 3804 enim
258 3741 323 3810 ‘Son
341 3747 378 3823 (3
393 3746 448 3820 ⁸lut.
466 3746 534 3806 lem.
552 3765 579 3804 a.
598 3766 627 3804 v.
645 3739 715 3824 Β»)
736 3745 872 3822 proprie:
904 3746 1067 3822 „frugifera
1091 3750 1172 3819 est,“
1196 3746 1275 3805 unde

168 3845 326 3906 Ewnnuus
348 3847 414 3906 sola
431 3865 455 3906 s.
473 3849 502 3906 lr.
522 3867 549 3906 v.
567 3865 640 3906 arva
662 3845 816 3924 intelligit,
843 3846 998 3924 angustius
1021 3845 1174 3918 nimirum
1205 3865 1273 3904 nam

167 3947 219 4004 ubi
237 3949 273 4006 de
290 3948 429 4007 unIversa
453 3957 533 4006 terra
550 3947 738 4021 dictumest,
764 3965 825 4007 non
843 3956 888 4007 ast
913 3949 993 4024 quod
1010 3947 1173 4008 afferantur
1189 3967 1272 4020 arva,

220 4169 394 4230 ottrannus
413 4186 436 4221 a.
454 4171 478 4221 h.
497 4187 522 4220 v.
