2954 4808
193 205 316 248 xxxvm
542 188 787 244 Pronnconrus.
813 184 886 244 Onu.
904 185 944 242 ll.

194 389 396 433 muncssurem
413 369 564 428 nominari
578 369 742 442 contendit,
766 386 808 427 nu
826 367 966 428 Snuncr¹
993 374 1091 426 sutem
1107 365 1224 426 Sardoo
1249 367 1297 426 vel

194 472 473 543 Assurhuddonem,
497 469 700 530 Guornrnno.
718 465 1032 546 Nabopolassarum²‚
1051 487 1089 526 ne
1104 467 1201 526 dicum
1217 467 1298 527 Luz-
1323 471 1328 480 '

196 573 295 634 znro³
314 571 504 649 interpretari
529 571 768 648 Kyniladunum3
795 589 886 646 porro
903 589 958 628 rex
974 569 1042 642 ille,
1070 569 1122 646 qui
1144 568 1298 627 celeberri-

196 694 275 734 mam
293 683 422 734 statuum
439 670 666 730 Nimrudensem
683 670 848 747 inscripsit,
867 691 885 730 u
903 671 1060 729 Rnwcrns
1077 669 1228 728 ferebatur
1244 687 1298 744 cp-

196 774 304 852 pellcri
319 771 530 844 Temen-bur⁴‚
550 772 596 830 cui
613 773 781 848 nuperrime
797 771 938 848 praetulit
954 789 1062 828 nomen
1075 769 1298 841 Divanubara⁵,

197 896 216 934 u
234 873 373 934 Guorur.
392 882 490 932 cutem
507 872 614 949 legitur
632 871 875 945 Shalmuueser⁶3
893 880 922 930 et
934 870 1151 942 Israelitarum,
1169 879 1202 928 ut
1218 869 1299 928 vide-

198 985 262 1048 tur,
286 975 464 1052 principem,
496 973 546 1050 qui
570 975 648 1032 donc
669 974 735 1058 regi
752 973 947 1050 Assyriorum
972 972 1098 1030 efferens
1119 970 1299 1047 imaginibus

198 1077 242 1134 ibi
258 1076 408 1152 expressis
425 1074 587 1146 inducitur,
611 1075 769 1133 Rnwurns.
788 1073 874 1132 simul
892 1081 921 1132 et
937 1073 1049 1130 Hnum.
1067 1071 1217 1130 affirment
1233 1089 1299 1130 esse

198 1177 307 1249 Ishua,
337 1175 428 1235 filium
454 1173 657 1252 Khumriyel,
688 1173 827 1234 Guorur.
854 1181 952 1232 autem
977 1173 1068 1246 quh,
1090 1171 1183 1230 filium
1205 1169 1301 1230 Ubri⁸

198 1276 229 1351 (2
242 1276 317 1353 Reg.
336 1275 457 1347 XVIII,
478 1279 509 1332 18
523 1277 587 1353 ss).

250 1376 335 1450 Quae
352 1395 417 1435 cum
435 1376 475 1434 sit
490 1375 523 1432 iu
540 1376 674 1434 eruendis
702 1374 927 1452 inscriptionum
952 1374 1105 1434 sententiis
1130 1373 1300 1448 discrepen-

199 1478 256 1550 tiu,
275 1486 374 1536 tumen
390 1477 427 1534 de
443 1477 581 1535 universo
599 1495 698 1534 earum
719 1484 889 1553 argumento
907 1475 1004 1534 minus
1021 1475 1098 1533 inter
1112 1493 1144 1533 se
1157 1473 1302 1532 dissident

201 1596 290 1655 quam
308 1578 345 1636 de
360 1595 463 1652 regum
481 1577 662 1651 nominibus,
687 1585 717 1635 et
738 1576 886 1634 indefesso
911 1575 1030 1634 illorum
1048 1575 1145 1634 studio
1164 1583 1193 1632 et
1210 1591 1302 1648 opere

201 1679 312 1736 facturn
330 1686 389 1750 est,
407 1685 440 1735 ut
457 1676 509 1734 alii
527 1677 653 1734 aliorum
670 1676 850 1753 argumentis
864 1690 893 1734 et
904 1676 1069 1736 rationibus
1082 1675 1220 1751 religiose
1234 1692 1301 1749 per·

201 1779 302 1854 pensis
319 1777 408 1836 modo
424 1779 511 1850 haec,
529 1778 618 1835 modo
635 1777 688 1835 illc
705 1775 940 1848 concesserint⁹;
964 1795 1017 1836 nec
1043 1784 1152 1834 temere
1169 1775 1302 1834 videmur

202 1897 322 1954 sperare
338 1879 418 1950 iore,
443 1886 551 1955 utque
575 1878 703 1953 amplior
727 1877 951 1952 inscriptionum
974 1876 1132 1934 multitudo
1158 1896 1174 1934 e
1199 1893 1301 1932 monu-

201 1980 324 2052 mentIs,
344 1997 420 2055 quae
436 1979 484 2037 vel
500 1965 743 2054 repermbudum
761 1987 830 2036 sunt
846 1978 894 2035 vel
911 1996 1024 2036 summa
1037 1976 1301 2053 Francogallorum

202 2089 232 2138 et
248 2080 415 2156 Anglorum
432 2079 567 2154 impensu
585 2097 676 2154 opera
693 2078 789 2137 indies
807 2077 1001 2150 effodiuntur,
1019 2076 1129 2151 publici
1146 2076 1301 2152 paullatim

199 2180 280 2239 lacte
296 2180 370 2238 iuris
388 2188 417 2238 et
432 2179 563 2237 virorum
581 2179 734 2238 doctorum
751 2178 880 2237 examini
897 2177 986 2234 fuerit
1002 2176 1148 2249 subiecta,
1172 2195 1208 2234 eo
1230 2195 1297 2252 gru·

200 2281 323 2340 vissimc
338 2281 411 2338 haec
428 2279 584 2355 disciplina
606 2281 645 2338 ad
668 2279 821 2338 certiorem
848 2278 944 2336 indies
965 2277 1111 2335 rationem
1136 2277 1298 2336 coniunctis

203 2381 316 2440 viribus
338 2381 524 2455 perducatur.
556 2378 606 2440 Sic
631 2381 724 2440 multa
746 2380 848 2456 utiquc
872 2379 926 2435 lux
953 2377 1085 2436 obscuris
1110 2378 1304 2455 Assyriorum

202 2482 291 2540 rebus
309 2479 427 2539 debebit
444 2481 595 2553 accedere,
615 2481 640 2539 si
658 2481 777 2558 quando
789 2479 883 2554 probe
895 2478 1004 2536 fuerint
1016 2478 1209 2555 investigata,
1229 2497 1305 2555 quse

203 2581 232 2638 in
251 2580 376 2657 publicis
392 2600 495 2658 regum
512 2581 621 2639 tubulis
640 2599 693 2639 suo
712 2580 813 2638 ordine
831 2577 1001 2654 dispositis,
1020 2598 1112 2654 nuper
1130 2599 1148 2638 a
1164 2577 1304 2655 Lcyardo

203 2683 327 2757 repertis
338 2680 369 2754 ¹⁰,
384 2691 413 2740 et
424 2701 500 2758 quae
514 2682 544 2738 in
558 2682 647 2756 regiis
659 2680 838 2740 catacombis
848 2679 936 2738 modo
949 2679 1071 2738 detectis
1082 2679 1103 2712 ¹¹
1118 2679 1305 2739 continentur

203 2782 376 2862 perscripta.

204 2944 404 2956 —ffl

255 3048 280 3108 1)
296 3044 378 3094 Notcs
396 3059 439 3093 sur
457 3043 494 3091 les
511 3058 585 3091 nomo
602 3042 647 3091 des
665 3044 716 3092 rols
730 3043 867 3106 Assyriens
885 3040 983 3106 publies
1002 3059 1048 3108 pur
1061 3043 1110 3092 Mr.
1123 3043 1238 3092 Lnrnnm
1258 3040 1305 3090 cir.

203 3130 290 3181 Revue
308 3127 502 3191 crchlologique
520 3126 679 3187 1849-50,
699 3143 723 3191 p.
736 3128 785 3176 773
799 3141 832 3176 ss.

255 3215 280 3277 2)
298 3213 351 3263 Cir.
368 3213 466 3262 Bonorn
483 3227 507 3275 p.
519 3211 582 3274 3793
601 3211 658 3262 coll.
678 3211 789 3262 Guomr.
808 3211 1085 3264 Tributverueichnisse
1103 3228 1127 3276 p.
1141 3213 1184 3260 22.

254 3298 280 3358 3)
297 3297 395 3348 Etudes
412 3313 455 3347 sur
475 3298 514 3346 les
536 3297 697 3359 inscriptions
715 3298 885 3360 Assyrienues
910 3299 942 3348 de
965 3298 1124 3361 Persepolis,
1149 3293 1305 3342 Khorsubsd

204 3388 235 3430 ct.
254 3394 280 3442 p.
293 3383 351 3432 184.

254 3465 280 3526 4)
298 3465 350 3515 Cir.
369 3467 550 3528 Commentury
567 3480 591 3528 p.
601 3465 642 3513 30.

254 3549 280 3610 5)
298 3550 351 3600 cfr.
371 3549 487 3600 Outlines
504 3566 529 3613 p.
541 3549 643 3597 XXIV.

254 3633 280 3695 e)
298 3634 350 3683 Cir.
368 3635 470 3710 Anlage
486 3633 539 3682 und
557 3633 714 3696 Zcrstdrung
731 3634 778 3682 der
796 3631 919 3684 Gebhudo
937 3646 968 3680 zu
985 3631 1097 3682 Nimrud
1114 3649 1139 3698 p.
1152 3634 1177 3683 9.

255 3721 281 3782 7)
298 3718 349 3767 Cir.
367 3719 463 3768 Athen.
477 3719 557 3778 1851,
576 3718 626 3767 Νο.
640 3720 715 3779 1274,
733 3731 759 3779 p.
775 3719 834 3768 357.
852 3718 971 3780 Literury
990 3717 1098 3768 Gazette
1117 3719 1193 3780 1851,
1210 3733 1233 3781 p.
1247 3717 1306 3767 257.

255 3803 280 3865 8)
297 3803 349 3854 cfr.
368 3802 645 3853 Tributverzeichnisse
662 3815 688 3864 p.
701 3803 742 3852 32.
761 3803 802 3852 39.

255 3889 281 3950 9)
300 3887 351 3937 Otr.
365 3901 404 3934 ex.
417 3901 453 3949 gr.
471 3887 655 3936 Transactious
673 3886 702 3935 of
717 3887 760 3936 the
778 3885 875 3936 British
889 3887 1053 3938 Associcticn
1072 3894 1104 3936 ct.
1119 3888 1193 3948 1850,
1211 3887 1306 3950 p.140.

204 3973 314 4024 Guorur.
333 3969 568 4020 Trlhutverzeichn.
585 3987 609 4034 p.
622 3971 654 4020 89
667 3971 709 4020 all.

238 4054 352 4117 10)(111.
371 4055 535 4105 Athenaeum
555 4057 630 4118 1850,
649 4070 674 4118 p.
687 4057 745 4106 909.

239 4139 280 4199 11)
298 4140 352 4190 (111.
370 4139 464 4190 Athen.
484 4141 563 4202 1852,
581 4140 632 4190 Νο.
648 4142 728 4202 1279,
746 4111 1166 4202 p.490.',0010ne11tcw1inson
1184 4138 1230 4186 hus
1248 4149 1307 4200 ope-

203 4225 252 4277 ned
271 4232 315 4274 out
333 4225 375 4276 the
394 4226 475 4276 entire
493 4227 564 4290 ploce
582 4226 613 4276 oi
627 4227 755 4292 sepulture
774 4225 804 4275 of
817 4223 860 4272 the
878 4222 953 4286 kings
971 4223 1023 4274 und
1041 4237 1135 4286 queens
1155 4222 1185 4272 of
1191 4221 1307 4284 Assyria.
