2954 4808
670 143 742 204 CAP.
754 142 785 217 I,
799 163 831 202 v.
845 149 868 202 l.
890 167 894 194 ,·
1299 139 1321 208 7.

214 327 356 386 Percellit
368 336 471 391 fantem
486 326 577 404 plaga
594 327 695 388 divina
711 325 825 386 Ninum
847 333 939 402 caput
961 326 1130 404 regui-vnou.
1145 335 1320 394 centumm-

215 428 275 489 tins
291 427 426 504 corporis
443 427 526 500 loco,
552 429 603 488 sed
620 449 679 488 nna
696 429 786 488 etiam
803 447 869 487 cnm
886 447 938 500 eo,
961 427 1048 490 sicuti
1072 427 1249 504 saepissime
1263 431 1321 492 hoc

213 529 245 586 in
268 547 373 605 genere
395 528 608 605 Hierosolyma
632 549 687 606 pro
712 530 838 602 Iudaea,
863 527 1000 590 Samaria
1021 548 1078 604 pro
1102 529 1234 602 Israele,
1254 530 1319 590 Da·

214 647 332 690 muscus
349 648 406 706 pro
423 628 513 706 Syria
529 639 688 705 ponuntur.
723 630 803 690 Nam
819 630 850 688 in
868 649 955 708 quem
973 629 1060 708 quasi
1077 630 1205 690 medium
1220 630 1318 690 locum

215 732 404 805 peccatorum
434 729 532 788 ubivis
555 731 787 792 'commissorum
816 731 948 808 undique
974 731 1091 792 redibat
1126 731 1259 808 gravitas
1287 741 1320 792 et

96 823 100 832 ’
212 830 372 904 atrocitas,
391 850 426 890 eo
444 849 563 908 quoque
578 851 740 908 poenarum
757 832 833 892 ictus
850 831 939 908 dirigi
956 830 1086 892 maxime
1103 833 1270 908 oportebat.

261 931 368 990 Altera
384 931 464 990 tituli
479 950 551 1007 pars
573 939 723 991 auctorem
740 940 840 1005 notat,
865 945 922 1008 pm
944 943 1025 994 iau,
1047 933 1097 994 Ex
1114 951 1174 1011 quo
1191 933 1229 991 de
1244 950 1315 1010 pro-

170 1049 173 1058 *
211 1032 367 1108 piratarum
390 1031 515 1104 scholis,
540 1053 615 1110 quas
641 1033 756 1108 dicent,
779 1031 998 1110 nihilamplins
1020 1033 1148 1093 traditur
1170 1033 1203 1092 in
1227 1032 1314 1094 libris

211 1132 319 1205 sacris,
344 1139 415 1208 post
431 1131 517 1190 Eliae
539 1151 645 1210 nempe
661 1137 890 1210 tempestatem,
904 1133 1046 1212 gravibus
1062 1132 1123 1196 illis
1141 1143 1171 1193 et
1187 1133 1313 1194 funestis

210 1233 314 1308 populi
331 1233 449 1301 casibus
465 1233 590 1309 propius
612 1234 707 1294 indies
731 1234 926 1307 instantibus,
949 1253 1066 1296 summa
1081 1235 1219 1312 deinceps
1236 1235 1311 1294 vati-

210 1333 290 1392 cinia
305 1333 450 1409 perscribi
467 1343 573 1410 coepta
589 1335 780 1414 sunt,'idque
796 1334 897 1394 divino
915 1335 1014 1406 iussu,
1039 1343 1072 1394 ut
1087 1335 1207 1411 saepius
1224 1336 1310 1394 dooe-

210 1451 292 1507 mur,
318 1434 476 1506 1es.v111,
496 1440 595 1506 1-163
619 1436 731 1509 XXX,
755 1440 786 1508 83
812 1435 1045 1509 Hab.11,c.3;
1070 1435 1174 1494 Ierem.
1187 1435 1309 1508 XXIX,

212 1539 296 1607 lss.;
322 1535 402 1594 Dan.
415 1535 492 1608 VII,
518 1540 550 1608 13
575 1535 654 1607 XII,
679 1541 705 1594 4.
724 1541 756 1610 9,
780 1536 887 1595 necin
910 1535 1076 1594 futurorum
1100 1543 1213 1594 tanturn
1235 1543 1308 1595 tem-

208 1653 315 1710 porum
331 1653 417 1694 usum
433 1636 490 1695 Ies.
504 1635 615 1710 XXX,
633 1640 650 1694 8
656 1658 665 1708 3
687 1637 791 1695 Ierem.
805 1637 917 1709 XXX,
934 1640 960 1694 2.
979 1639 1012 1709 3,
1037 1655 1139 1695 verum
1156 1637 1309 1695 coaetanei

208 1735 297 1794 etiam
314 1735 430 1814 generis
446 1754 552 1795 caussa
567 1737 672 1796 Ierem.
686 1737 840 1810 XXXVI,
861 1741 943 1810 1-6,
969 1746 1001 1796 ut
1017 1736 1132 1796 recitati
1149 1737 1180 1795 in
1198 1736 1308 1814 templo

206 1835 297 1896 latius
314 1835 544 1912 divulgarentur.
570 1837 670 1912 Quare
687 1857 753 1896 cum
766 1837 840 1918 nihil
857 1837 911 1911 sit,
930 1837 1001 1915 quin
1017 1837 1213 1915 perscriptum
1230 1838 1309 1896 hunc

206 1936 315 1995 librum
339 1937 378 1996 ab
401 1937 468 2012 ipso
484 1935 624 1996 Nahumo
649 1927 865 2012 existimemus,
888 1947 966 2011 tum,
991 1958 1067 2016 quae
1084 1947 1148 1997 erat
1169 1957 1205 1996 eo
1223 1929 1308 2014 prae·

207 2036 308 2096 sertim
335 2045 469 2114 tempore
490 2039 685 2116 Assyriorum
711 2058 797 2100 casus
816 2037 969 2098 'divinitus
989 2037 1133 2114 praedicti
1162 2037 1306 2114 gravitas,

204 2137 300 2216 magle
317 2137 407 2197 etiam
423 2137 454 2197 in
470 2139 548 2198 hanc
558 2140 736 2199 sententiam
749 2139 961 2216 compellimur.
985 2139 1188 2198 Acarnanam
1200 2156 1305 2214 nugas,

205 2239 257 2316 qni
280 2259 297 2298 e
318 2240 411 2298 verbo
432 2241 491 2300 *iac
512 2239 674 2312 concludit,
702 2240 873 2300 vaticinium
895 2247 1028 2300 nostrum
1050 2237 1161 2314 scripto
1184 2238 1306 2298 mauda-

203 2349 265 2398 tum
288 2349 319 2399 et
338 2339 462 2402 missum
484 2338 701 2400 Sennacheribo
726 2360 806 2414 esse,
829 2341 919 2418 idque
940 2339 980 2399 ob
1005 2359 1070 2398 eam
1091 2338 1238 2400 rationem
1259 2341 1305 2400 fa'·

203 2447 298 2515 ctum,
321 2461 399 2519 quae
413 2440 568 2500 intercedit
583 2451 687 2501 nostro
703 2441 781 2502 libro
799 2458 865 2502 cnm
881 2441 970 2514 Iona,
996 2439 1132 2500 attulisse
1149 2439 1222 2500 satis
1239 2442 1304 2500 erit.

201 2541 346 2602 Adiectus
365 2541 510 2618 genitivus
532 2555 590 2618 pru
613 2544 760 2602 omnino
782 2541 1148 2618 propheticumesse
1169 2541 1304 2602 librum

200 2642 343 2714 ostendit;
367 2661 533 2714 monemur,
557 2641 778 2703 describendum
796 2641 926 2702 hostium
942 2641 1092 2703 interitum
1108 2661 1302 2722 necconspe-

199 2751 278 2800 ctum
291 2742 385 2802 oculis
396 2761 475 2815 esse,
493 2761 546 2800 nec
557 2752 628 2818 post
639 2753 776 2802 eventum
787 2750 969 2814 enarratum,
982 2763 1078 2820 neque
1090 2743 1205 2801 ratione
1216 2751 1303 2802 antea

198 2851 229 2902 et
251 2843 420 2902 coniectura
442 2843 623 2916 nuntiatum,
653 2844 705 2904 sed
728 2844 828 2902 animo
851 2842 1034 2902 extrinsecus
1057 2852 1144 2919 rapto
1169 2843 1301 2901 oblatum

198 2962 252 3020 per
268 2943 395 3018 speciem
419 2950 450 3002 et
465 2941 625 3016 visionem,
651 2923 741 3004 etsie
761 2950 932 3020 perceptum
954 2941 1048 3001 literis
1071 2941 1178 3000 exinde
1195 2962 1300 3001 exera·

198 3051 269 3102 tum.
310 3045 354 3102 At
370 3043 441 3101 vero
463 3041 540 3100 inter
564 3060 717 3102 commune
739 3027 954 3102 divinationum
978 3061 1069 3120 genus
1093 3051 1122 3101 et
1148 3061 1300 3100 sacrorum

198 3152 299 3202 vatum
316 3143 447 3204 visiones
463 3143 521 3200 hoc
536 3143 667 3202 maxime
688 3145 829 3216 interest,
854 3142 935 3221 quod
958 3142 1059 3200 divino
1078 3141 1184 3218 spiritu
1202 3152 1231 3200 et
1248 3163 1299 3200 ex-

198 3244 326 3303 citantur
343 3252 373 3302 et
390 3241 565 3318 diriguntur.
607 3243 707 3317 Quare
729 3263 789 3303 non
811 3245 888 3302 male
905 3251 991 3301 notat
1007 3243 1184 3317 Mancinum,
1207 3243 1300 3303 verba

197 3344 226 3404 'rr
248 3346 275 3412 ¹0,
296 3344 429 3404 involute
441 3343 538 3400 dicere
554 3352 704 3405 auctorem
721 3345 809 3406 huius
824 3343 924 3404 oneris
940 3344 1150 3421 principalem,
1168 3344 1298 3406 ministe-

196 3444 307 3504 rielem
325 3444 435 3504 clarius
460 3442 605 3503 subiicere
625 3439 776 3520 *irruptam
791 3459 874 3510 urna.
902 3443 975 3504 'Dei
996 3454 1096 3506 autem
1124 3447 1216 3506 verba
1240 3465 1299 3506 non

196 3545 293 3604 autliri
308 3545 422 3616 solum,
445 3544 498 3604 scd
516 3544 662 3621 explicari
683 3544 772 3604 etiam
790 3551 937 3620 ,tanquam
955 3544 1072 3620 muna,
1096 3567 1149 3605 nec
1166 3555 1198 3604 ut
1220 3566 1299 3606 mere

195 3645 325 3704 humana
341 3646 460 3708 debent.
474 3675 512 3688 -
546 3645 595 3703 De
611 3643 742 3706 Nahumi
759 3644 876 3704 nomine
894 3653 923 3702 et
938 3645 1037 3708 Elceei
1062 3646 1121 3704 situ
1138 3647 1194 3707 cfr.v
1208 3641 1312 3722 proll„

197 3759 257 3820 prro
277 3744 407 3822 regende
423 3745 512 3804 simul
524 3745 607 3804 verbi
625 3753 655 3802 et
670 3745 743 3806 recti
755 3744 886 3821 fungitur
899 3743 1013 3806 vicibus
1026 3745 1155 3822 (Hira),
1173 3745 1203 3803 id
1216 3747 1298 3823 quod

196 3865 212 3902 e
229 3845 326 3903 vocali
343 3845 528 3921 subscripta,
546 3865 635 3922 qnam
651 3847 762 3904 lencm
778 3853 808 3906 et
820 3847 937 3904 Annas.
955 3855 1063 3910 temere
1080 3847 1295 3921 produxerunt,

197 3953 281 4004 etex
298 3947 502 4023 exemplorum
526 3946 718 4006 similitudine
740 3952 879 4021 apparet3
906 3946 959 4008 cfr.
976 3948 1037 4008 Ios.
1050 3947 1146 4020 XIX,
1165 3951 1214 4018 293
1237 3945 1294 4008 les.

179 4045 242 4118 .,11,
261 4050 309 4118 113
328 4046 381 4106 Ea.
396 4045 545 4120 XXXIV,
565 4051 605 4105 14.
1267 4108 1270 4118 .

244 4145 308 4205 Iarn
332 4167 403 4206 vero
427 4147 554 4224 primam
580 4147 658 4206 tituli
689 4155 803 4222 partem
826 4149 957 4224 spuriam
981 4167 1045 4208 esse
1068 4148 1294 4224 Emfflwmuua
