2954 4784
175 173 220 242 56
586 178 660 238 Cur.
673 177 719 251 II,
737 197 766 238 v.
782 181 860 234 1-5.

173 370 266 424 testas
282 372 328 422 est
346 361 453 424 lSam.
471 361 573 435 XXV,
590 365 639 420 36:
658 369 710 434 „et
726 361 807 420 eooel
827 366 892 419 erat
907 357 935 416 ei
952 356 1121 418 convivium
1135 359 1169 434 iu
1185 359 1275 439 domo

174 481 228 524 sua
245 456 327 538 uttan
345 479 477 536 numm),
503 462 590 538 quale
606 461 731 522 instituii
748 482 767 520 a
783 461 901 539 regibus
915 456 1023 520 solem‘

224 561 304 636 Quid
320 580 391 631 vero
409 569 468 634 est,
487 562 567 640 quod
585 562 749 620 uindicabit
763 561 911 620 Dominus
928 559 1016 618 decus
1032 558 1169 631 Israelis,
1193 560 1275 636 quod

173 662 351 724 exercitibus
368 662 520 738 praeclare
535 662 688 722 instructis
697 662 891 739 Assyriorum
907 659 1026 735 franget
1041 659 1276 736 potentiam?—

172 783 240 822 nunc
264 771 431 821 evacuarunt
452 781 513 832 eos,
535 745 688 822 Israelitas
711 762 865 835 nimirum,
891 769 1073 829 evacuantes,
1097 769 1125 818 et
1142 761 1275 835 palmites

139 910 142 921 ,
174 882 268 928 eonem
291 873 482 938 corruperunt.
526 877 603 937 ppn,
628 862 681 922 cfr.
704 882 733 922 v.
748 867 797 935 11,
821 881 880 922 non
904 868 950 920 est
971 878 1106 938 crepare,
1133 860 1275 933 lacerare,

174 965 217 1023 nti
240 963 360 1022 cavillat
383 961 624 1036 Souaonnaurm,
649 982 703 1022 uec
725 971 892 1035 conterere,
925 961 1083 1037 stringere,
1112 969 1146 1019 ut
1167 969 1277 1020 temere

174 1063 325 1122 contendit
348 1061 504 1136 Gnnvms,
529 1063 582 1138 sed
604 1081 762 1135 evacuare3
786 1063 839 1122 cfr.
865 1076 962 1137 paup:
992 1061 1115 1137 lagena,
1140 1068 1170 1120 et
1192 1066 1276 1120 raam

174 1183 264 1224 sonus
276 1163 399 1240 lagenae
411 1171 586 1235 evacuatam
595 1163 701 1222 dicitur
713 1164 750 1222 de
762 1162 952 1222 terraineolis
960 1169 1051 1220 exuta
1057 1161 1114 1220 Ies.
1122 1160 1240 1234 XXIV,
1250 1166 1275 1233 l,

176 1266 213 1323 de
223 1263 328 1324 incolis
342 1263 478 1338 spoliatis
492 1263 564 1324 ibid.
582 1283 611 1322 v.
620 1267 647 1336 3,
662 1264 774 1323 devita
787 1264 935 1322 exstincta
948 1261 1005 1322 Ies.
1019 1261 1114 1335 XIX,
1127 1265 1152 1320 3.
1169 1261 1274 1320 leram.

174 1365 269 1437 XIX,
283 1369 299 1421 7
306 1385 315 1436 ;
332 1363 472 1440 indigitat
488 1363 580 1440 igitur
592 1364 721 1424 Iudaeos
739 1364 777 1423 ab
791 1364 926 1441 Assyriis
941 1361 1088 1438 spoliatos
1094 1382 1103 1434 3
1121 1381 1277 1438 perperam

175 1462 252 1526 enim
269 1465 307 1524 ad
324 1464 469 1541 Assyrios
486 1465 611 1522 refertur
627 1465 768 1524 suffixum
786 1483 805 1522 a
821 1463 1010 1523 Kusuunruo
1033 1470 1063 1520 et
1078 1461 1276 1522 Hnssuuaau·

174 1582 243 1638 010,
269 1564 376 1643 quibus
398 1565 498 1623 futuro
521 1583 609 1624 sensu
633 1565 814 1640 praedicitur
834 1563 1030 1642 Assyriorum
1050 1563 1221 1622 destructio.
1239 1595 1277 1606 -

174 1665 358 1725 Palmites
374 1683 429 1741 per
446 1664 666 1724 similitudinem
683 1665 871 1742 appellantur
887 1664 1050 1724 Israelitae.
1085 1663 1278 1722 Transfertur

175 1766 252 1825 enim
269 1765 349 1823 haud
365 1784 435 1824 raro
452 1765 556 1824 vineae
572 1765 671 1841 imago
689 1767 728 1824 ad
745 1785 860 1824 sacram
877 1773 1008 1843 gentem,
1031 1763 1277 1840 pretiosissimam

175 1865 298 1924 Domini
314 1865 549 1940 possessionem,
567 1864 694 1940 primum
710 1865 873 1926 incantioo
880 1865 972 1938 VIII,
986 1870 1016 1922 11
1036 1883 1076 1924 ss.
1095 1864 1162 1922 coll.
1172 1864 1218 1937 11,
1234 1867 1275 1923 15.

174 1967 255 2038 VH,
269 1969 309 2024 13.
333 1965 408 2038 1,s.
434 1966 501 2042 (cfr.
525 1965 682 2026 Hunesrn.
706 1987 734 2025 a.
759 1967 809 2026 hh.
831 1967 895 2044 11.),
922 1966 1027 2024 deinde
1049 1964 1107 2024 Ies.
1127 1965 1155 2022 V
1178 1972 1207 2023 et
1222 1965 1276 2024 Ps.

172 2065 312 2140 LXXX,
328 2071 358 2124 ll
377 2084 431 2137 ss.;
457 2085 549 2144 quare
565 2066 641 2125 vites
659 2073 688 2124 et
704 2067 842 2142 palmites
859 2067 993 2144 singulos
1010 2066 1073 2124 fere
1089 2065 1168 2124 cives
1186 2064 1276 2142 signi-

172 2169 271 2226 ficant.
306 2166 398 2242 Apud
414 2167 492 2224 hunc
509 2185 628 2226 sensum
645 2167 720 2226 satis
738 2167 879 2226 usitatum
896 2187 962 2227 cum
978 2166 1112 2225 maxima
1132 2165 1276 2242 iuterpre-

174 2277 236 2327 tum
252 2276 338 2344 parte
354 2267 562 2325 remanendum
580 2267 799 2340 existimamus3
822 2266 892 2326 lieet
907 2267 1030 2344 proprie
1047 2266 1135 2326 etiam
1152 2265 1277 2343 intelligi

173 2367 310 2443 palmites
334 2377 473 2443 possent,
498 2367 551 2426 cfr.
574 2367 638 2426 Ioel
654 2368 687 2440 I,
705 2372 730 2426 7.
760 2369 865 2428 Ierem.
883 2369 961 2442 XII,
987 2373 1028 2426 10.
1062 2367 1168 2444 lReg.
1187 2367 1224 2440 V,
1247 2370 1275 2425 5.

173 2468 262 2526 Mieh.
278 2467 332 2539 IV,
350 2473 382 2539 4,
406 2466 552 2545 siquidem
571 2468 589 2513 'r
608 2482 671 2543 tter
694 2487 784 2528 mere·
799 2478 877 2528 esset
898 2477 978 2528 terra
994 2467 1095 2526 Iacobi
1120 2467 1206 2528 sicuti
1222 2467 1275 2527 Pe.

174 2567 307 2640 XLVII,
321 2569 352 2639 53
371 2576 517 2640 attamen,
535 2568 677 2645 quoniam
693 2569 907 2644 praestantiam
918 2569 1039 2628 Israelis
1057 2568 1177 2627 omnino
1194 2585 1277 2628 acee-

172 2667 289 2745 pimus,
308 2668 541 2744 metaphoricam
557 2669 640 2726 illam
652 2669 808 2744 palmitum
820 2669 1093 2746 interpretationem
1106 2669 1276 2728 retinemus.

223 2768 273 2828 Ad
289 2768 426 2828 iniuriam
443 2769 534 2845 igitur
549 2768 654 2828 Israeli
671 2769 709 2827 ab
727 2769 863 2846 Assyriis
880 2770 995 2830 illatam
1017 2769 1202 2831 referendum
1219 2777 1276 2842 est,

174 2869 255 2947 quod
270 2869 418 2929 Dominus
436 2869 594 2928 revertitur
610 2869 650 2930 ad
666 2878 783 2946 gentem
798 2875 907 2943 'suam,
925 2892 953 2930 v.
966 2873 1026 2943 3b;
1051 2870 1137 2930 sicuti
1159 2869 1191 2928 in
1208 2888 1276 2946 gra-

173 2970 250 3030 tioso
268 2971 329 3030 eius
347 2971 443 3030 reditu
460 2970 532 3029 latet
554 2989 675 3043 caussa,
701 2989 753 3028 our
775 2971 936 3030 vindictam
958 2972 994 3032 de
1016 2971 1152 3032 hostibus
1175 2971 1274 3030 sumit.

174 3070 211 3128 of.
236 3069 322 3130 Sach.
346 3071 376 3144 I,
397 3073 443 3129 15:
474 3061 676 3146 „magnopere
700 3071 835 3148 equidem
860 3071 955 3132 iratus
977 3091 1042 3132 sum
1066 3072 1104 3130 de
1128 3071 1276 3147 gentibus,

173 3170 265 3246 (nune
281 3171 414 3248 quidem)
432 3171 538 3248 quietis
552 3170 627 3241 illis3
646 3189 711 3228 oum
725 3171 887 3246 paullulum
901 3172 996 3232 iratus
1010 3173 1114 3232 fuerim
1125 3171 1176 3247 (de
1189 3180 1278 3248 gente

173 3271 251 3347 mea)
268 3269 312 3328 illi
329 3279 427 3329 autem
445 3270 572 3328 iuverint
595 3271 634 3328 ad
656 3272 796 3332 malum.“
814 3271 871 3332 Ies.
889 3273 1045 3348 XXXIII,
1065 3279 1094 3331 1:
1119 3272 1204 3345 „Vae
1221 3271 1277 3331 tibi

132 3447 137 3455 .
173 3378 323 3443 vastator,
349 3379 379 3429 et
402 3371 453 3448 qui
471 3389 530 3429 non
549 3379 684 3430 vastatus
706 3391 754 3444 ee,
772 3381 802 3432 et
819 3373 1056 3448 praevaricator,
1082 3381 1110 3432 et
1133 3373 1165 3430 in
1188 3391 1276 3449 quem

172 3471 283 3545 perfide
305 3489 365 3528 non
388 3480 523 3548 egeruut;
546 3471 597 3529 ubi
619 3471 785 3532 absolveris
813 3473 1026 3548 vastationem,
1053 3473 1119 3548 ipse
1142 3473 1279 3532 devasta-

173 3571 267 3644 beris,
284 3571 335 3632 ubi
352 3571 497 3632 adfinem
514 3572 655 3646 perfidiae
672 3573 858 3648 perveneris,
881 3575 992 3650 perfide
1010 3581 1099 3652 agent
1116 3591 1188 3651 erga
1205 3574 1277 3632 tel“

640 3773 808 3832 data

686 3945 714 3982 v.
733 3931 759 3985 4.

225 4072 341 4148 Clypea-s
358 4073 470 4132 heroam
488 4076 545 4132 eius
561 4073 735 4147 massuetus,
752 4078 809 4134 ciri
818 4077 999 4149 fortitudinia
1017 4080 1150 4148 rosacei,
1166 4082 1197 4136 in
1214 4081 1276 4152 iyne

171 4173 313 4256 odulphum
336 4191 450 4242 cancre,
475 4193 532 4248 qna
556 4175 600 4230 die
623 4175 756 4249 dimouit,
784 4186 810 4234 et
832 4181 955 4260 cupressi
979 4179 1133 4238 vibrantur.
1169 4177 1276 4254 Clypei
