2954 4784
187 183 235 252 48
602 184 674 246 Car.
687 186 732 260 II,
751 207 778 245 v.
793 190 869 245 l-b.

187 381 267 433 esset
283 370 452 450 probabile,
476 346 647 430 Nahumum
664 389 702 431 ex
720 371 836 431 duobus
853 370 920 431 aliis
937 371 1071 432 versibus
1088 407 1124 416 -
1152 382 1198 434 est
1214 375 1291 434 enirn

186 483 321 532 extrema
337 493 456 552 quoque
473 491 577 534 versus
594 472 688 533 nostri
705 471 851 550 particula
866 471 991 532 recitata
1008 493 1045 531 ex
1064 474 1121 533 les.
1132 473 1200 549 LII,
1221 481 1234 534 l
1252 509 1289 520 -

187 585 217 633 et
234 574 384 634 nonnullis
401 574 438 632 de
455 591 509 633 suo
532 573 641 634 additis
663 593 752 632 uuam
775 572 934 633 artificiose
958 575 1135 651 compilasse
1158 577 1291 636 enuntia-

187 675 308 734 tionem.
353 674 439 750 Quac
462 675 608 733 sententia
630 674 855 734 usitatissimam
878 681 939 732 tam
964 675 1177 751 prophetarum
1194 689 1291 754 'quam

188 776 320 834 omnium
349 775 411 834 fere
438 775 469 834 ll.
494 794 533 835 ss.
559 783 712 834 auctorum
735 774 974 834 cousuetudinem
1002 775 1140 848 offendit3
1171 794 1225 850 ac,
1253 797 1292 836 ne

187 875 330 935 Ieremias
353 875 490 952 exempla
512 893 531 933 a
555 875 730 935 Kuuruno¹
757 875 817 933 iarn
840 876 1024 952 exprobrata
1045 883 1231 952 repetamus,
1261 878 1292 936 in

187 977 277 1054 primi
293 976 401 1052 capitis
417 995 445 1034 v.
462 981 477 1034 7
499 984 530 1035 et
548 979 579 1034 13
596 976 721 1036 similem
737 975 900 1052 reperimus
917 975 1169 1052 compositionem.
1212 977 1292 1036 Tum

186 1095 260 1136 vero
278 1095 369 1155 grave
385 1085 507 1135 nostrae
524 1076 686 1136 sententiae
708 1075 930 1150 documentum,
948 1076 1029 1154 quod
1046 1075 1191 1137 Kunruru
1206 1078 1292 1138 inda·

188 1178 272 1254 gavit
288 1176 437 1254 sagacitas
454 1196 514 1235 non
530 1186 577 1236 est
592 1177 800 1236 omittendum:
833 1177 908 1235 illud
925 1175 1008 1251 dico,
1033 1178 1114 1255 quod
1130 1177 1243 1238 lesaics
1259 1178 1291 1238 in

188 1279 284 1337 altera
299 1279 367 1354 ipsa
378 1276 584 1336 vaticiniorum
602 1286 687 1354 parte
702 1276 781 1336 haud
798 1296 868 1336 raro
885 1277 922 1336 de
934 1277 1079 1338 eiusmodi
1091 1277 1194 1336 nuntio
1211 1279 1291 1338 laeto

186 1378 280 1438 faciat
300 1379 408 1451 verba,
434 1377 487 1436 cfr.
504 1377 578 1451 XL,
603 1383 636 1451 93
653 1377 743 1452 XLI,
761 1381 810 1451 273
834 1377 938 1452 LXII,
963 1383 994 1451 ὃς
1023 1378 1112 1456 „quis
1136 1379 1210 1438 hacc
1233 1379 1291 1439 sibi

184 1479 365 1558 persuadeat
387 1459 412 1537 e'
426 1477 581 1551 Nahum,
606 1479 732 1557 abrupte
752 1479 840 1555 quasi
862 1479 918 1538 hac
942 1478 979 1537 de
999 1499 1033 1538 re
1055 1479 1210 1557 loquente,
1240 1481 1290 1539 de·

185 1587 305 1658 promta
327 1579 439 1639 essei“
462 1612 499 1622 -
533 1577 670 1638 Ceterum
686 1579 824 1638 Iesaiana
847 1580 940 1640 rerba
961 1599 980 1638 a
997 1577 1029 1640 S.
1047 1579 1144 1639 Paulo
1166 1581 1291 1640 recitata

186 1700 252 1741 esse
274 1679 424 1750 Rom.X‚
449 1682 497 1753 15,
520 1687 551 1738 et
575 1681 614 1738 ad
635 1680 755 1740 nuntios
778 1680 923 1759 evangelii
945 1681 1141 1757 transscripta
1162 1690 1290 1755 constat,

184 1799 263 1860 quos
279 1780 389 1838 includi
404 1779 465 1838 illis
481 1780 580 1840 verbis
597 1779 740 1853 vidImus3
758 1799 854 1858 neque
870 1799 941 1840 vero
957 1779 1048 1839 LXX
1066 1780 1218 1858 sequitur,
1236 1783 1289 1842 scd

178 1880 347 1941 'liberaliter
363 1880 534 1940 hebraicum
550 1879 679 1940 reddidit
694 1889 824 1956 textum,
848 1882 892 1966 ita
913 1889 947 1940 ut
969 1881 1174 1957 pleonasmum
1197 1899 1288 1943 umam

184 1997 292 2046 utrumn
313 1982 344 2040 in
360 1999 450 2039 unam
467 1982 622 2040 contrahat
638 2000 741 2042 vocem
762 1978 828 2041 τῶν
847 1971 1146 2063 εὐαγγελιζομένων
1156 1981 1175 2041 ².
1218 1982 1288 2041 Tri-

182 2085 240 2144 bus
264 2083 355 2161 igitur
376 2082 423 2142 his
445 2080 519 2142 locis
542 2082 620 2142 inter
641 2101 675 2144 se
697 2083 877 2160 comparatis
904 2083 1030 2143 dilucide
1054 2091 1152 2158 patet,
1181 2083 1219 2142 V.
1237 2083 1287 2142 Ti.

182 2184 324 2244 vaticinia
345 2183 455 2242 habere
477 2201 562 2243 suum
583 2183 735 2242 eveniendi
762 2203 968 2262 progressum,
997 2185 1091 2242 donec
1113 2183 1144 2242 in
1167 2181 1287 2243 (lhristo

183 2295 213 2345 et
229 2303 322 2362 reguo
340 2283 402 2342 eius
419 2282 523 2342 ultimo
539 2283 607 2344 loco
625 2284 815 2344 conficiantur
837 2294 927 2363 atque
943 2284 1136 2344 cumulentur.
1179 2283 1288 2362 Neque

182 2403 255 2445 vero
280 2403 346 2444 esse
366 2383 455 2442 etiam
478 2384 632 2458 existimo,
660 2384 711 2463 qui
733 2386 844 2445 Mosuu
869 2384 1065 2444 Hmnnasrn
1087 2392 1117 2443 et
1137 2384 1288 2445 Iudaeos³

182 2487 272 2563 longe
288 2484 432 2560 plurimos
448 2485 541 2544 secuti
564 2485 684 2561 ipsum
700 2484 876 2548 Messium
893 2484 1025 2545 Nabumi
1041 2485 1140 2546 verbis
1165 2485 1287 2562 opinen-

184 2595 234 2644 tur
250 2583 417 2662 indigitari3
435 2583 500 2660 ipse
514 2585 591 2644 enirn
603 2585 786 2661 Lurnnnus,
805 2605 871 2646 cum
885 2605 1064 2664 magnopere
1077 2594 1204 2662 optaret,
1221 2587 1287 2646 fieri

184 2687 242 2745 lroc
259 2705 319 2744 non
336 2701 427 2762 posse
442 2685 603 2759 intellexit3
630 2687 812 2763 ‚‚proinde,“
836 2687 947 2766 inquit,
971 2687 1124 2764 ‚‚geueru1i
1140 2687 1286 2748 sententia

183 2788 294 2846 dictum
311 2793 384 2863 puto
409 2786 446 2844 de
463 2785 589 2845 victoria
610 2787 777 2863 corporali,
803 2805 869 2846 cum
891 2777 1001 2847 tameu'
1014 2787 1111 2864 gratia
1128 2786 1240 2847 Christi
1256 2796 1286 2847 et

183 2887 367 2965 evangelium
381 2885 620 2963 generaliter
637 2887 677 2948 sit
687 2888 861 2948 insertrun.“
885 2889 935 2946 Ex
948 2889 1043 2948 altera
1055 2897 1141 2964 parte
1151 2888 1285 2964 peccavit

180 2991 389 3060 Auruncum,
420 3005 487 3046 cum
508 2987 634 3047 Iesaiam
665 2988 702 3048 de
728 2988 904 3047 liberatione
930 3007 984 3065 per
1006 2987 1147 3048 Messinm
1174 2989 1284 3063 futura,

181 3089 353 3148 Nahumum
370 3088 407 3146 de
422 3106 483 3146 una
499 3088 692 3166 Assyriorum
709 3088 840 3148 vindicta
862 3088 946 3168 loqui
963 3097 1164 3162 asseveraret3
1186 3088 1284 3148 omnis

182 3189 260 3248 enim
277 3188 397 3249 Israelis
422 3188 559 3248 liberatio
581 3189 748 3249 absolutam
771 3189 873 3248 mnndi
894 3190 1103 3248 redemtionem
1127 3189 1285 3265 pollinctur

181 3289 213 3348 in
231 3307 355 3366 eamque
376 3296 442 3348 tota
457 3288 568 3366 vergit3
594 3288 684 3367 quid?
710 3291 792 3367 quod
812 3291 943 3350 recitatis
959 3290 1074 3350 Iesaiae
1088 3291 1188 3350 verbis
1204 3289 1285 3348 haud

180 3388 297 3448 occulte
322 3387 488 3464 significare
513 3399 595 3448 vates
612 3389 742 3463 videtur,
766 3390 922 3450 vaticinari
946 3392 1114 3467 sequidem
1135 3391 1283 3468 deAssy-

180 3490 293 3549 riorum
317 3488 452 3562 interitu,
478 3489 638 3549 subiectam
661 3498 758 3548 autem
774 3491 844 3549 huic
866 3491 1034 3550 liberationi
1057 3491 1283 3567 promissionem

181 3610 248 3652 esse
264 3590 349 3667 regni
365 3589 457 3650 divini
474 3589 512 3649 ab
529 3590 668 3649 universa
684 3590 755 3648 olim
771 3599 922 3668 potestate
939 3590 1063 3651 seculari
1078 3591 1249 3650 redimendi.

232 3692 362 3752 Additur
377 3691 425 3766 id,
452 3691 533 3770 quod
550 3690 715 3752 restitutam
738 3692 842 3769 populi
858 3711 962 3769 paoem
985 3700 1015 3751 et
1031 3692 1223 3753 secuntatem.
1234 3693 1283 3750 de·

231 3965 257 4028 1)
274 3967 303 4018 L.
321 3969 338 4018 1.
356 3984 380 4032 p.
392 3969 452 4018 142.

231 4052 256 4114 2)
274 4050 383 4101 Mirifice
400 4051 545 4105 Hrunruos
563 4035 674 4120 ‹ta'paos
692 4055 747 4121 (clr.
760 4054 846 4121 snpra)
863 4061 889 4106 et
906 4054 1057 4108 Kaunsuus
1074 4054 1188 4135 Nahumi
1205 4056 1284 4106 verba

177 4147 195 4182 a
214 4131 242 4184 S.
254 4132 336 4183 Paulo
353 4137 454 4186 recitari
472 4139 638 4190 contendunt

155 4251 158 4260 .
231 4214 257 4276 3)
274 4214 327 4266 cfr.
345 4215 514 4274 sesamon
531 4222 600 4276 horr,
616 4224 702 4290 hebr,
719 4226 752 4277 de
769 4225 867 4278 Moesia
882 4223 928 4276 lib.
940 4224 976 4276 11.
