2954 4808
205 212 305 256 xxxiv
556 194 801 252 Paonsaounus.
828 192 900 252 Osa
914 193 954 250 ll.

207 381 336 460 quodam
354 376 509 453 Persepoli
525 397 544 436 a
561 375 743 436 Nrnaumuo
766 376 915 455 descripto
941 375 1060 452 saepius
1084 377 1224 453 repetitas
1247 379 1309 437 for-

208 482 319 553 mulas,
343 479 450 557 quibus
474 478 511 536 de
534 478 654 555 regibus
672 478 728 535 dici
746 478 915 551 videbatur,
941 485 1078 536 accurate
1095 478 1172 536 inter
1189 497 1221 537 sa
1238 497 1308 538 con·

208 582 318 653 tendit,
337 589 366 639 et
382 579 513 655 persicas
530 597 618 638 voces
635 587 665 638 et
681 579 811 652 nomina,
830 600 849 638 a
867 578 1014 638 veteribus
1033 578 1168 651 traditas,
1186 579 1223 638 iis
1237 581 1308 638 ada-

208 692 292 760 ptare
314 688 455 752 conatus,
486 680 630 738 Zendicae
652 688 682 738 et
705 678 874 739 Senseritac
903 679 1086 755 aliarumque
1115 680 1307 738 dialectorum

207 782 320 844 auxilio
344 781 492 853 adhibito,
527 799 593 838 eum
616 779 715 838 elicuit
738 799 872 852 sensum,
903 781 954 857 qui
983 787 1090 855 postea
1115 781 1308 857 amplioribus

207 883 380 959 discipliuae
402 880 542 942 subsidiis
567 879 720 956 splendide
744 883 933 939 confirmatus
956 887 1009 940 est.
1039 880 1206 957 Descriptis
1230 883 1307 940 enim

207 984 407 1060 compluribus
431 981 587 1058 paullatim
610 981 755 1039 eiusmodi
777 981 887 1040 tabulis
909 981 1110 1040 Bunuourrus
1132 1001 1251 1058 qunque
1279 990 1309 1040 et

207 1086 365 1144 Bnnrnrus
382 1091 412 1142 et
429 1090 547 1157 praeter
564 1089 676 1140 ceteros
693 1081 863 1142 Lassnurus
881 1099 1026 1158 prospero
1043 1083 1139 1157 gavisi
1156 1091 1261 1140 eventu
1277 1083 1308 1140 in

207 1187 265 1244 hoc
275 1191 388 1260 'genere
404 1183 604 1241 elaborarunt.
629 1180 768 1242 Summae
784 1192 882 1242 autem
899 1181 1002 1241 laudes
1018 1181 1240 1241 Rawmnsoruo
1259 1184 1308 1240 de·

207 1289 329 1357 bantur,
348 1284 400 1361 qui
416 1282 701 1359 praestantissimam
718 1281 939 1358 inscriptionem
956 1282 1214 1356 Behiatunensem,
1233 1303 1309 1372 quae

209 1385 439 1466 quadringentas
452 1383 546 1442 lineas
559 1383 771 1458 complectitur,
783 1384 869 1460 gravi
881 1383 984 1442 labore
996 1383 1152 1459 descripsit
1169 1393 1198 1442 et
1210 1383 1309 1443 Persi·

209 1505 275 1546 cum
303 1485 455 1544 titulorum
479 1502 571 1560 genus
593 1483 636 1541 ita
659 1484 814 1559 paullatim
840 1483 1048 1559 interpretatus
1080 1484 1160 1557 est¹,
1190 1494 1308 1542 utnon

210 1587 334 1646 multum
351 1586 411 1643 iam
428 1585 464 1642 de
481 1603 516 1642 eo
535 1583 683 1642 dubitetur
691 1582 709 1642 ².
735 1585 837 1644 Primo
862 1585 953 1660 igitur
976 1602 1083 1660 genere
1100 1586 1252 1644 enucleato
1270 1585 1308 1644 ad

211 1689 336 1746 alterum
352 1686 543 1762 tertiumque,
560 1684 707 1742 Medicum
725 1685 791 1743 dico
810 1695 839 1745 et
850 1685 1022 1762 Assyrium,
1042 1686 1180 1744 accedere
1192 1687 1308 1744 licebat.

210 1790 312 1864 Atque
328 1794 362 1843 ut
378 1786 535 1844 alterum
553 1785 653 1844 statim
670 1786 875 1859 absolvamus,
896 1805 955 1845 non
972 1786 1097 1844 multum
1113 1786 1209 1845 adhuc
1225 1787 1257 1844 in
1274 1805 1309 1844 eo

211 1889 402 1946 elaborarunt
418 1905 465 1944 vv.
483 1886 531 1943 dd.
542 1884 566 1956 ³3
591 1885 681 1962 quid?
708 1888 788 1964 quod
806 1908 843 1946 ne
859 1888 896 1945 de
912 1887 1031 1945 nomine
1050 1887 1168 1963 quidem
1183 1887 1262 1946 inter
1279 1907 1310 1946 ae

211 1986 409 2059 consentiunt,
439 1987 490 2064 qui
516 2005 600 2046 suam
624 1986 650 2043 ei
671 1987 844 2063 impendunt
866 2007 1004 2063 operam,
1038 1987 1090 2046 sed
1113 1988 1217 2046 Medici
1249 1987 1310 2047 sive

211 2087 341 2165 Scythici
359 2087 472 2164 generis
490 2086 689 2163 appellatione
706 2096 840 2160 utuntur,
865 2089 957 2146 donec
982 2097 1089 2147 natura
1112 2089 1174 2148 eius
1201 2089 1310 2148 certius

210 2190 386 2248 definiretur.
426 2188 548 2247 Laetior
576 2188 665 2264 longe
694 2198 783 2266 atque
813 2189 927 2247 felicior
957 2207 1048 2263 opera
1077 2189 1108 2246 in
1136 2189 1306 2266 indagando

210 2289 376 2365 Assyrio
395 2308 419 2346 s.
438 2289 555 2346 tertio
573 2307 678 2364 genere
696 2290 828 2362 exstitit,
855 2287 1029 2365 praesertim
1054 2309 1092 2348 ex
1110 2309 1169 2367 quo
1187 2290 1308 2367 amplis·

212 2390 286 2450 sima
304 2388 366 2446 eius
384 2387 520 2464 exempla
537 2389 567 2445 in
584 2389 657 2464 ipsis
670 2389 742 2446 Nini
760 2391 852 2449 ruinis
864 2399 981 2465 reperta
994 2397 1071 2448 sunt.
1098 2390 1209 2448 Verum
1221 2392 1309 2466 longe

179 2513 183 2520 ¹
210 2490 375 2547 intricatior
392 2497 482 2564 atque
499 2489 647 2546 difficilior
664 2490 725 2548 eius
743 2490 947 2566 interpretatio
966 2497 1026 2562 est,
1052 2510 1141 2566 quam
1160 2492 1226 2567 quis
1245 2492 1310 2567 opi-

213 2598 297 2648 netur
314 2589 407 2660 forte,
426 2608 507 2661 cum,
531 2590 627 2666 prima
644 2599 730 2666 parte
747 2590 912 2667 explicata,
938 2590 1068 2666 reliquae
1085 2593 1166 2651 nullo
1183 2593 1245 2650 fere
1261 2611 1310 2650 ne-

211 2691 294 2766 gotio
312 2689 466 2748 videantur
488 2709 577 2766 posse
595 2700 712 2766 patere,
735 2711 801 2749 cum
824 2692 925 2749 eadem
949 2691 1069 2750 nomina
1095 2701 1124 2751 et
1149 2693 1310 2752 sententias

212 2791 272 2848 alie
287 2789 388 2866 lingua
410 2800 534 2849 exarata
556 2791 730 2863 exhibeant,
756 2811 824 2849 nam
847 2811 912 2850 cum
929 2791 1051 2852 Persica
1074 2802 1216 2852 cuneatae
1240 2794 1311 2853 scri-

211 2889 323 2966 ptionis
341 2890 453 2965 species
472 2893 668 2969 qnadraginta
684 2893 746 2950 fere
769 2893 862 2968 signis
887 2902 1019 2965 constet,
1043 2893 1073 2950 in
1090 2894 1219 2970 Assyria
1244 2895 1312 2970 plns

212 2989 359 3050 sexcentis
381 2991 441 3047 iam
458 2992 578 3050 inventa
595 3000 677 3066 sunt,
703 3010 780 3068 quac
804 2994 899 3069 magis
921 2995 1055 3052 minusve
1076 2994 1153 3052 inter
1179 3014 1211 3054 se
1228 2995 1311 3053 diffe-

211 3101 292 3163 runt3
318 3087 348 3148 et
369 3110 428 3167 quo
451 3091 550 3167 plures
573 3092 701 3150 studium
720 3113 804 3151 suum
823 3113 1002 3172 operamque
1019 3094 1050 3152 in
1067 3095 1144 3152 hanc
1162 3095 1311 3172 quaestio-

212 3211 278 3249 nem
304 3191 505 3266 contulerunt,
536 3211 570 3250 eo
601 3193 696 3270 magis
722 3193 883 3253 sententiae
906 3215 1007 3254 eorum
1031 3204 1060 3252 et
1082 3196 1213 3256 rationes
1236 3197 1312 3255 inter

213 3310 245 3350 se
275 3291 409 3350 divorsae
439 3300 515 3351 sunt.
554 3290 635 3351 Nam
674 3293 710 3351 de
746 3303 852 3354 natura
880 3295 998 3373 linguae
1028 3294 1163 3372 plurimis
1194 3298 1311 3374 quidem

211 3391 288 3450 idem
305 3392 431 3467 placuit,
451 3394 531 3468 quod
549 3412 565 3451 e
582 3394 612 3452 ll.
632 3413 673 3452 as.
690 3403 773 3469 patet
785 3393 875 3469 (Gen.
886 3396 934 3468 X,
950 3395 1024 3473 10)⁴‚
1043 3393 1213 3457 Semiticam
1231 3417 1311 3467 esse3

264 3633 290 3692 1)
307 3633 361 3683 Cir.
377 3634 486 3684 Journal
504 3636 534 3685 of
546 3637 591 3686 the
608 3636 692 3702 Royal
709 3640 809 3690 Asiatic
827 3639 931 3703 Society
948 3640 999 3692 vol.
1017 3642 1065 3692 XI.
1084 3643 1127 3692 all.

262 3716 289 3778 2)
307 3717 360 3767 Cir.
373 3717 519 3768 zeitschrift
536 3721 582 3770 der
593 3721 732 3772 deutschen
744 3725 998 3788 morgenlindischen
1011 3725 1196 3789 Gesallsohat‘t,
1213 3727 1263 3776 vol.
1277 3726 1310 3786 V,

212 3802 292 3862 1851,
310 3814 336 3862 p.
350 3803 410 3852 447.

262 3885 288 3947 3)
305 3886 388 3936 Varia
403 3901 444 3937 rr.
463 3887 505 3938 dd.
528 3889 556 3938 in
577 3889 626 3940 hoc
646 3904 740 3952 genere
762 3892 847 3942 studia
869 3897 996 3945 recensuit
1012 3895 1164 3946 Hotrmrta
1185 3895 1249 3944 tiber
1271 3895 1312 3944 die

212 3973 304 4021 aweite
323 3971 373 4019 Art
396 3970 443 4020 der
464 3973 727 4025 Achaemenidiscben
749 3975 898 4036 Keilsebriit
920 3978 1052 4039 (Zeitsohr.
1075 3979 1122 4027 der
1139 3979 1311 4043 d.·morgenl.

213 4054 355 4105 Gesellsch.
368 4055 401 4104 V.
414 4069 439 4118 p.
453 4059 501 4110 145
508 4057 614 4120 -151),
625 4059 696 4110 brevi
705 4067 841 4122 conspectu
850 4063 1000 4123 perstrinxit
1010 4063 1141 4114 Roanrena
1150 4065 1211 4114 ibid.
1222 4065 1312 4127 peto.

162 4185 163 4188 ,
262 4141 288 4204 4)
306 4138 381 4200 Quod
391 4142 514 4205 Asyrius
531 4159 615 4194 sermo
633 4159 649 4193 a
667 4144 771 4194 Iudaeis
788 4161 839 4195 non
857 4147 1048 4210 intelligebatur
1064 4147 1312 4210 1es.XXV111,1r.

210 4222 346 4285 XXXIII,
364 4225 395 4286 9,
413 4239 466 4274 non
482 4225 615 4289 prohibet,
633 4230 697 4291 quin.
710 4227 857 4281 Semiticam
874 4239 1006 4280 mereamus
1024 4239 1142 4282 naturam
1158 4231 1313 4292 (clausam
