2954 4808
204 222 295 265 xxxrr
553 204 797 264 Pronaconsna
825 204 897 265 Car.
917 205 956 263 ΙΙ.

204 389 288 448 cuius
305 387 509 448 necessitatem
526 387 657 447 omnium
675 389 739 448 fata
756 389 923 466 exiguntur.
951 387 1036 464 Quae
1052 389 1194 449 vaticinia
1210 397 1309 450 utrum

204 489 342 567 gentibus
358 489 555 564 innotuerint,
574 509 629 548 nec
641 509 694 564 ne,
712 509 771 549 non
782 491 906 550 multum
918 491 1023 562 refert3
1041 509 1095 549 nec
1106 491 1198 550 Ionae
1211 509 1309 550 exem·

204 589 264 667 plis
278 598 368 667 atque
381 590 522 650 Ieremias
534 591 543 624 ¹
556 609 736 668 magnopere
748 591 943 651 insistendum
962 599 1016 664 est,
1035 611 1111 669 quae
1129 593 1166 650 ab
1180 591 1248 651 aliis
1264 591 1309 648 in-

203 709 294 767 super
311 690 424 751 caussis
441 692 648 768 suspendenda
665 700 741 752 sunt.
767 691 850 769 Ergo
868 693 978 768 duplex
993 693 1088 752 nostri
1103 711 1222 770 quoque
1235 681 1309 751 vati·

203 790 273 852 cinii
297 809 404 868 scopus
428 800 489 865 est,
514 811 640 869 quorum
664 793 739 851 alter
761 791 792 849 in
808 793 936 866 Israele,
961 775 1036 851 alter
1052 793 1083 850 in
1101 791 1237 870 Assyriis
1255 811 1309 869 po-

203 891 279 952 situs
305 900 365 964 est3
398 911 515 967 verum,
538 893 607 951 licet
629 893 735 952 horum
758 912 865 951 nomen
890 893 967 951 libro
990 893 1165 970 inscriptum
1192 893 1246 966 sit,
1278 883 1310 952 et

202 991 407 1052 israelitarum
425 995 505 1054 salus
522 993 643 1053 interitu
660 1013 762 1053 eorum
780 981 979 1070 comparanda
996 994 1099 1070 paucis
1115 1001 1230 1052 tantum
1243 1012 1309 1052 ver·

202 1094 250 1152 bis
262 1101 364 1169 aperte
376 1094 551 1168 declaretur,
569 1102 667 1153 tamen
680 1095 801 1154 Israelis
813 1104 964 1171 respectus
974 1094 1072 1170 primo
1086 1103 1175 1170 atque
1193 1112 1308 1154 summo

202 1195 270 1252 loco
287 1194 439 1254 habendus
457 1202 510 1254 est.
529 1229 565 1237 —
582 1195 647 1254 Iam
664 1213 736 1255 vero
754 1195 894 1273 quoniam
908 1181 1104 1272 Assyriorum
1121 1184 1234 1270 flagitia
1247 1213 1308 1254 non

202 1294 321 1371 singula
338 1295 483 1371 quaedam
507 1304 536 1354 et
553 1304 633 1354 certo
658 1297 786 1373 quodam
809 1305 943 1373 tempore
965 1313 1036 1374 erga
1060 1313 1174 1356 sacram
1192 1303 1309 1373 gentem

202 1403 375 1471 perpetrata
392 1397 612 1473 exprobrantur
630 1405 659 1455 et
676 1397 854 1456 destinatum
877 1416 933 1474 pro
958 1397 995 1456 iis
1018 1395 1194 1474 supplicium
1212 1395 1309 1454 decla·

178 1499 300 1568 'ratur,
324 1515 426 1555 verum
451 1497 550 1556 omnia
569 1498 688 1556 omnino
706 1497 842 1556 facinora
858 1517 916 1556 uno
935 1496 1021 1575 quasi
1045 1505 1204 1572 conspectu
1228 1515 1308 1555 com·

201 1597 349 1673 prehensa
365 1605 573 1673 proponuntur
585 1606 614 1656 et
628 1598 835 1672 diiudicentur,
854 1599 993 1666 universa
1005 1598 1201 1676 Assyriorum
1213 1597 1307 1656 histo-

201 1697 247 1756 ria
264 1697 394 1756 breviter
410 1698 527 1757 videtur
544 1699 770 1776 perstringenda
787 1719 866 1773 esse,
885 1708 975 1777 atque
988 1699 1026 1757 ad
1041 1719 1105 1757 eam
1119 1679 1307 1775 potissimum

202 1797 346 1858 rationem
364 1800 547 1872 revocanda,
567 1818 627 1876 qua
644 1819 709 1858 cum
728 1801 872 1860 Israelitis
889 1800 1147 1863 continebantur..⁴

250 1898 340 1959 Prius
357 1919 429 1958 vern
448 1919 537 1978 quam
555 1919 602 1961 res
618 1901 701 1976 ipsas
719 1921 920 1978 exponamus,
938 1901 1042 1977 paucis
1060 1899 1244 1959 absolvenda
1260 1907 1308 1958 est

202 2017 238 2058 ea
256 2001 408 2076 quaestio,
427 2020 504 2078 quae
522 2009 566 2061 est
584 2001 619 2060 de
636 2002 783 2075 lontibus,
809 2003 886 2062 unde
902 2021 1000 2060 rerum
1018 2002 1211 2078 Assyriorum
1229 1999 1307 2058 noti-

201 2101 274 2159 tiam
291 2101 479 2176 hauriamus,
503 2102 678 2179 praesertim
702 2121 768 2161 cum
791 2103 894 2178 paucis
911 2103 1020 2160 abhinc
1042 2101 1127 2160 annis
1145 2101 1307 2160 domestica

200 2201 427 2278 potentissimae
450 2203 546 2280 gentis
569 2211 759 2262 monumenta
790 2203 913 2278 reperiri
942 2211 1049 2279 coepta
1077 2202 1150 2274 sint,
1180 2220 1307 2278 quorum

201 2320 316 2361 summa
334 2319 449 2379 semper
466 2303 498 2361 in
516 2303 718 2362 concinnanda
736 2287 877 2381 cuiusque
902 2303 1005 2379 populi
1028 2302 1154 2362 historia
1177 2303 1307 2379 dignitas

200 2411 247 2462 est
263 2411 355 2479 atque
372 2405 544 2464 auctoritas.
573 2403 652 2464 Nam
671 2424 736 2462 cum
759 2404 827 2481 plus
844 2403 915 2462 ΜΜ
933 2389 1019 2462 annis
1036 2403 1152 2476 Ninus,
1178 2403 1307 2480 splendi-

200 2503 316 2562 dissimi
334 2502 405 2561 olim
422 2504 506 2580 regni
524 2515 627 2581 caput,
646 2505 741 2564 vastis
754 2505 874 2563 condita
885 2503 1027 2581 sepulcris
1040 2505 1185 2577 latuisset,
1204 2512 1308 2564 nostra

198 2604 343 2662 memoria
360 2605 527 2681 Anglorum
545 2613 574 2663 et
590 2605 856 2681 Francogallorum
881 2625 972 2683 opera
990 2613 1019 2664 et
1034 2605 1179 2663 industria
1195 2605 1306 2664 factum

199 2713 259 2778 est,
286 2713 320 2762 ut
341 2705 411 2764 inde
434 2707 471 2764 ab
496 2725 575 2764 anno
594 2709 660 2764 1843
683 2725 700 2764 e
724 2706 844 2783 pulvere
867 2714 896 2765 et
912 2706 1025 2766 sabulis
1048 2703 1200 2784 surgeret²
1216 2713 1307 2783 atque

252 2896 278 2958 1)
297 2894 347 2956 Qui
364 2897 491 2960 propheta
507 2899 625 2962 gentibus
642 2901 795 2950 constitutus
813 2899 1002 2962 declaratur1‚
1019 2899 1043 2950 5.
1063 2901 1103 2949 10.

251 2980 277 3042 2)
302 2981 355 3032 cn.
380 2981 452 3034 chs.
470 2983 609 3034 Narrative
633 2985 663 3036 ol
685 2999 701 3036 a
722 2983 864 3034 Residcnce
885 2984 913 3033 iu
935 2983 1107 3046 Koordistan,
1128 2981 1211 3033 Lond.
1231 2982 1306 3045 1836,

201 3067 217 3114 2
236 3065 297 3116 voll.
333 3067 491 3118 Arrswoara
509 3069 617 3120 Travels
635 3069 687 3119 and
703 3068 861 3119 Reaearches
880 3070 907 3118 in
924 3069 991 3119 Asia
1007 3068 1101 3130 Minor,
1118 3067 1307 3133 Mesopotamia

199 3157 233 3202 ct.
255 3153 328 3202 1842.
346 3152 436 3202 2voll.
471 3152 558 3203 Boura
577 3160 604 3203 et
619 3154 730 3204 Faunum
753 3155 906 3204 Monument
929 3153 961 3202 de
982 3152 1091 3214 Ninive,
1113 3151 1220 3200 Parisiis
1239 3152 1305 3203 1847

201 3236 282 3286 -50,
301 3237 316 3286 5
334 3236 395 3286 voll.
413 3236 459 3286 iol.
494 3237 529 3289 A.
547 3240 580 3290 H.
598 3239 705 3290 Larasa
723 3239 889 3288 Monuments
908 3237 938 3287 oi
952 3236 1082 3298 Niniveh,
1100 3229 1212 3284 Londini
1230 3235 1305 3308 1849,

198 3319 244 3370 fol.
278 3321 401 3371 Eiusdem
425 3321 545 3372 Nineveh
567 3323 618 3373 and
639 3325 673 3372 its
696 3323 821 3384 remains,
846 3325 861 3372 8
883 3323 944 3372 roll.
970 3325 1008 3384 8.,
1033 3323 1109 3371 tertio
1127 3320 1198 3370 edita
1222 3319 1305 3369 hond.

200 3405 282 3466 1850,
299 3411 388 3456 nostro
400 3421 518 3456 sermone
535 3407 637 3457 reddita
648 3408 820 3457 aMsrssasao
840 3405 967 3470 „Niniveh
985 3404 1039 3460 und
1056 3406 1126 3455 scine
1143 3405 1305 3467 Ueberreste,

200 3491 287 3555 Leipa.
306 3492 381 3542 1850.
414 3490 529 3542 Primam
547 3493 632 3557 operis
648 3491 723 3542 huius
739 3498 840 3554 partem
854 3491 990 3542 minari
1009 3490 1162 3540 succinctam
1179 3491 1261 3554 magis
1279 3496 1305 3539 et

199 3577 328 3626 communi
344 3577 482 3641 legentium
500 3579 558 3625 usui
575 3576 730 3627 destinatam
748 3577 830 3627 edidit
848 3578 924 3638 1851,
943 3577 988 3624 12:
1011 3575 1053 3637 ,A
1071 3574 1181 3636 popular
1198 3580 1305 3624 account

198 3661 229 3710 oi
249 3659 402 3710 discoveries
424 3666 452 3708 at
468 3660 601 3710 Nineveh“
622 3667 668 3723 ct„
692 3662 724 3711 ab
738 3662 794 3712 eod.
812 3661 960 3711 Marssraao
977 3660 1122 3724 germanice
1143 3659 1304 3708 translatam.

198 3742 340 3804 (Ferreum
357 3743 441 3794 Notas
457 3743 523 3794 from
540 3744 659 3796 Nineveh
674 3747 725 3796 and
743 3747 850 3796 Travels
873 3747 900 3795 in
917 3744 1120 3806 Mesopotamia,
1142 3745 1254 3806 Assyria
1270 3749 1303 3792 ct.

198 3828 280 3878 Lond.
305 3830 380 3878 1850.
404 3827 550 3888 21011)-
570 3830 611 3880 Ex
634 3831 673 3880 his
697 3832 770 3894 quasi
794 3830 907 3880 lontibus
931 3843 1015 3877 rerum
1040 3827 1083 3877 alii
1105 3827 1174 3890 iique
1197 3827 1304 3876 minoris

199 3911 310 3960 ambitus
327 3912 387 3962 libri
405 3913 514 3963 derivati
533 3921 606 3977 sunt,
627 3915 717 3978 quibus
735 3929 801 3979 quae
819 3929 833 3964 e
849 3915 876 3963 ll.
895 3928 928 3964 ss.
947 3919 1112 3975 veterumque
1129 3911 1228 3975 scriptia
1245 3918 1304 3960 ets

198 3997 370 4046 monumentis
387 3996 420 4046 de
437 3999 547 4062 Assyria
564 4001 716 4065 antiquitate
734 4005 929 4062 cognoscuntur,
947 3998 1047 4048 brevius
1066 3996 1202 4046 uberiusve
1220 3996 1302 4060 expli·

197 4085 299 4141 cantum
323 4079 471 4146 intorques
490 4083 573 4144 primo
590 4085 647 4134 loco
665 4085 838 4145 appellamus:
861 4084 915 4133 Ios.
934 4082 1047 4143 Berconi,
1070 4081 1183 4130 Niniveh
1201 4079 1252 4130 and
1269 4081 1303 4130 its

197 4163 318 4225 Palaces,
341 4164 424 4216 Lond.
443 4169 523 4230 1858,
547 4169 576 4230 8,
598 4170 642 4233 qui
659 4174 737 4218 antea
753 4167 845 4218 edidit:
874 4167 930 4218 The
948 4167 1038 4218 buried
1057 4168 1108 4230 city
1126 4166 1156 4216 of
1170 4163 1213 4214 the
1230 4165 1302 4224 East,

197 4246 329 4312 Nineveh,
348 4249 409 4304 ibid.
430 4254 504 4305 1851.
524 4255 547 4303 8.
583 4254 651 4304 Tum
669 4267 730 4304 vero
748 4251 823 4304 Vaux
839 4252 957 4305 Nineveh
975 4249 1027 4302 and
1045 4249 1204 4312 Persepolis,
1225 4250 1302 4298 tertio
