2954 4808
491 170 516 246 §-
534 172 559 226 5.
586 168 636 242 Dp
654 184 751 228 naeus
767 170 977 230 Assumoauu.
1213 190 1291 232 uum

189 353 328 432 bylonioa
345 352 517 427 imperavit,
532 351 708 429 adquorum
722 353 936 412 contumaciam
949 355 1191 430 compescendam
1203 374 1288 434 regu-

188 456 236 514 lus
254 473 273 513 a
289 460 375 529 patre
391 452 567 512 constitutus
578 460 660 524 erat,
680 453 781 511 audita
792 453 888 528 patris
902 454 1006 526 caede,
1025 454 1179 514 confestim
1192 459 1288 532 parri·

189 554 271 613 cidas
288 561 460 628 persecutus
477 553 507 611 in
524 552 668 611 montium
681 552 926 612 Armeniaeorum
938 554 1091 630 angustias
1107 557 1250 633 compulit
1260 557 1286 629 ¹3

189 662 251 713 tum
268 671 355 726 vero,
374 633 471 710 rerdm
485 653 678 730 Assyriamm
690 653 819 729 potitus,
835 653 867 713 id
879 654 1067 730 potissimum
1080 656 1286 732 meditabatur,

161 807 164 811 .
188 763 222 813 ut
243 771 366 830 regnum
387 753 419 810 in
440 753 599 829 pristinum
623 754 773 829 potentiae
796 755 967 832 gloriaeque
983 763 1093 814 statum
1109 757 1286 818 restitueret.

188 854 318 912 Etcum
341 853 484 912 orientem
507 872 610 913 versus
632 854 787 913 Medorum
810 855 978 931 respublica
999 875 1060 914 non
1086 857 1194 916 idonea
1221 878 1287 918 esse

189 955 350 1026 videretur,
379 973 469 1030 quam
492 955 678 1030 Impugnaret
700 963 791 1042 atque
812 955 843 1012 in
865 955 1007 1014 ditionem
1031 975 1115 1016 suam
1132 957 1286 1035 redigeret,

189 1073 224 1112 eo
241 1053 336 1130 magis
353 1053 533 1112 occidentem
549 1055 707 1130 petendum
731 1055 928 1129 existimavit,
950 1056 1052 1134 ibique
1075 1061 1285 1134 recuperanda,

189 1172 265 1231 quae
294 1162 365 1229 post
393 1154 540 1213 funestum
567 1154 662 1229 patris
689 1163 838 1230 receptum
865 1129 1040 1215 deiecerant.
1081 1159 1184 1234 Atque
1210 1158 1285 1218 adeo

188 1253 295 1313 summi
310 1254 466 1312 videbatur
483 1254 625 1313 momenti
641 1272 720 1326 esse,
743 1262 776 1312 ut
798 1263 956 1316 evacuatae
971 1256 1223 1331 Ephraimitarum
1241 1278 1286 1319 se·

188 1354 240 1413 des
256 1354 392 1431 Assyriis
410 1354 524 1414 colonIs
541 1353 714 1412 incolendas
735 1351 921 1414 traderentur
927 1378 936 1428 3
961 1376 1053 1433 quare
1075 1376 1102 1416 a.
1121 1376 1145 1417 c.
1164 1363 1229 1431 676,
1253 1367 1287 1417 ut

187 1473 279 1530 supra
301 1455 499 1530 computando
521 1454 678 1513 statuimus
688 1452 708 1527 ²,
732 1474 749 1512 e
770 1455 900 1532 quinque
921 1456 1074 1532 gentibus,
1098 1457 1285 1534 Babyloniis,
1341 1501 1346 1508 -

187 1553 343 1627 Outhaeis,
362 1554 488 1627 Avaeis,
512 1554 708 1628 Hemathitis,
732 1552 946 1631 Sepharvaeis,
969 1556 1108 1616 idoneam
1124 1559 1285 1616 multitudi-

187 1673 253 1712 nem
298 1672 333 1712 eo
375 1654 478 1712 deduci
513 1654 614 1726 iussit3
656 1655 736 1714 facta
770 1663 868 1714 autern
903 1657 1075 1730 occasione,
1116 1659 1285 1718 Manassem

186 1754 363 1813 Iudaeorum
379 1772 479 1830 regem
495 1754 681 1831 Babylonem
704 1775 723 1813 a
748 1755 842 1831 copiis
865 1756 928 1816 eius
945 1765 1130 1833 asportatum
1147 1759 1284 1832 vidimus,

186 1862 275 1930 atque
293 1855 367 1912 adeo
385 1861 518 1913 extremo
535 1854 602 1913 loco
619 1854 746 1914 Iudaeos
763 1856 800 1914 ab
819 1857 955 1934 Assyriis
973 1876 1037 1916 esse
1054 1866 1189 1917 vexatos.
1224 1859 1284 1917 Ilo-

186 1955 252 2012 dem
278 1962 410 2030 tempore
435 1954 516 2031 quod
532 1953 763 2014 Philisteeorum
785 1974 904 2033 quoque
925 1957 1030 2030 urbes,
1054 1965 1196 2034 tanquam
1219 1977 1285 2034 gra-

186 2054 340 2114 vissimum
362 2062 466 2114 contra
482 2055 651 2130 Aegyptios
673 2057 944 2132 propugnaculum,
968 2057 1201 2132 recuperaverit,
1225 2077 1285 2117 non

185 2153 328 2214 dissimile
355 2155 416 2214 veri
442 2173 507 2214 esse
524 2153 672 2226 videtur⁸3
697 2174 799 2213 verum
823 2157 904 2233 quod
920 2158 1092 2232 Aegyptum
1113 2157 1210 2233 ipsam
1234 2177 1285 2216 ex-

187 2255 379 2330 pugnaverit,
404 2255 448 2312 uti
465 2255 586 2312 tradidit
603 2256 773 2314 Amoenus
796 2264 825 2314 et
854 2277 890 2314 ex
915 2267 1170 2316 monumentorum
1194 2258 1287 2318 titulis

185 2373 277 2430 nuper
294 2355 405 2414 eruisse
422 2353 480 2413 sibi
497 2354 613 2413 videtur
629 2355 905 2431 Rnwnmsomus4,
924 2376 978 2416 nec
995 2365 1160 2433 temporum
1177 2359 1284 2418 rationi

185 2596 304 2646 Ceterum
326 2611 379 2646 non
402 2595 503 2644 videtur
520 2597 703 2660 omittendum,
725 2598 794 2661 quod
815 2598 843 2645 in
867 2596 1002 2648 annadbus
1020 2597 1157 2649 Sanheribi
1175 2613 1191 2650 a
1207 2600 1286 2651 Raw-

185 2693 294 2730 umsomo
311 2682 445 2746 explicatis
463 2686 554 2740 quarto
575 2681 642 2731 illius
666 2696 735 2731 anno
753 2679 837 2745 (713),
858 2679 959 2730 devicto
975 2681 1133 2732 Merodaoho
1150 2682 1285 2734 Baladano

185 2766 267 2816 Assur
275 2766 364 2816 Nadin
371 2767 439 2815 filius
449 2763 609 2828 Babyloniae
620 2765 781 2830 praepositus
790 2776 846 2814 esse
854 2765 942 2814 fertur.
954 2765 999 2815 cir.
1009 2765 1078 2816 Outl.
1090 2783 1113 2831 p.
1126 2767 1284 2817 XXXVIII.

236 2849 261 2910 1)
279 2849 330 2900 Gir.
348 2850 398 2899 Ies.
415 2849 565 2910 XXXVII,
584 2850 624 2899 38.
650 2850 695 2900 cfr.
713 2850 828 2900 Aurora.
845 2849 939 2899 Eussa.
957 2849 1010 2898 chr.
1028 2863 1092 2898 arm.
1109 2865 1133 2913 p.
1147 2852 1188 2901 53.

235 2933 261 2994 2)
278 2933 331 2984 Gir.
349 2947 426 2998 supra
441 2949 466 2996 p.
478 2931 599 2994 XXVII,
615 2937 668 2982 not.
681 2936 705 2983 l.

235 3018 261 3081 3)
279 3015 401 3067 Summus
419 3018 447 3065 in
464 3015 530 3064 libro
548 3015 741 3078 diligentissime
760 3019 900 3082 composito
919 3016 1010 3078 ,Gaza
1020 3016 1072 3064 und
1085 3015 1127 3064 die
1138 3015 1284 3066 Philistaei-

184 3099 550 3162 soheKme“1852,p.204.
568 3100 616 3148 207
635 3111 688 3149 non
706 3102 788 3152 solum
805 3101 975 3152 Sauheribum
992 3115 1080 3151 verum
1098 3102 1176 3150 etiam
1188 3101 1282 3152 Assar-

184 3184 330 3234 haddonem
347 3185 374 3232 in
391 3182 586 3232 Philistaeorum
606 3183 710 3234 urbibus
728 3187 851 3235 stationes
868 3192 991 3250 perpetuo
1008 3185 1127 3235 habuisse
1145 3187 1283 3249 existimat,

184 3274 260 3332 atque
276 3268 391 3317 indidem
401 3266 567 3330 Assyriorum
585 3268 671 3331 coplas
682 3267 837 3318 Iudaeorum
852 3269 917 3318 fines
934 3281 1050 3319 vexasse.
1074 3269 1112 3318 At
1121 3284 1196 3332 vero,
1214 3273 1283 3335 quod

185 3351 219 3401 ad
230 3351 439 3401 Assarhaddonis
457 3355 568 3398 aetatem
585 3351 689 3412 attinet,
706 3352 806 3402 idoneis
824 3354 979 3417 argumentis
996 3367 1028 3403 ea
1044 3355 1171 3404 sententia
1183 3356 1283 3406 videtur

184 3449 284 3497 carere3
307 3436 373 3496 imo,
396 3435 446 3484 nisi
462 3434 530 3483 torte
547 3433 677 3499 expeditio
694 3435 750 3498 illa,
774 3451 851 3499 quem
867 3439 894 3486 in
911 3436 1058 3502 Aegyptum
1073 3438 1165 3489 iecisse
1182 3440 1281 3503 dicitur,

160 3571 163 3576 ,
184 3518 351 3582 amplioribus
367 3519 526 3568 documentis
549 3518 685 3582 aliquando
706 3521 870 3584 comprobata
886 3520 977 3582 fuerit,
1001 3521 1050 3572 hoc
1072 3527 1172 3572 tantum
1194 3526 1282 3574 verisi-

184 3603 245 3652 mile
261 3602 375 3664 videtur,
398 3602 606 3652 Assarhaddonis
624 3605 710 3668 copias
727 3605 844 3669 regiones
861 3605 957 3654 vicinas
975 3605 1149 3668 infestavisse,
1166 3623 1223 3657 oum
1240 3623 1281 3658 co·

183 3686 258 3737 Ionos
278 3687 337 3736 illos
359 3687 386 3735 in
404 3685 547 3738 Samariam
570 3687 742 3738 deduxissent.

235 3770 262 3831 4)
281 3771 416 3820 Auuneuus
426 3771 528 3833 (Euesa.
541 3771 592 3821 chr.
606 3785 669 3823 arm.
680 3787 706 3836 p.
716 3769 759 3832 54>
770 3770 834 3821 hacc
844 3769 933 3820 habet:
957 3769 1085 3832 ,Axerdis
1097 3778 1183 3821 autem
1194 3773 1281 3838 Aegy·

183 3858 255 3917 ptum
277 3858 412 3918 partesque
435 3853 525 3918 Syriae
547 3855 682 3904 inferiores
703 3856 731 3904 in
758 3867 830 3904 suam
856 3856 1011 3918 potestatem
1038 3853 1165 3917 redegit;“
1191 3857 1281 3916 quibus

184 3942 281 3999 quanta
297 3937 433 4001 largienda
455 3941 489 3988 sit
506 3937 585 4000 fides,
608 3937 912 3988 mendicitatem.
931 3935 1060 3988 Schriften
1077 3937 1105 3999 I,
1122 3936 1180 3988 206.
1216 3939 1282 3991 Gra-

183 4021 257 4072 viora
273 4029 346 4083 suut,
365 4024 387 4070 si
406 4029 474 4072 recte
492 4023 625 4072 enudeata
641 4029 700 4072 suut
716 4022 917 4072 aRnutmsomo
929 4022 1009 4071 verba
1025 4036 1057 4070 ex
1068 4022 1181 4084 imagine
1191 4023 1282 4084 lconis,

184 4106 278 4168 reperti
298 4105 326 4154 in
347 4106 445 4171 palatio
468 4091 500 4156 ab
522 4104 724 4154 Asserhaddone
752 4104 884 4155 aedificato
914 4102 982 4168 apud
1009 4105 1092 4155 vIcum
1113 4104 1173 4156 hod.
1196 4106 1282 4156 Nebbi

184 4187 285 4251 Yunus3
315 4189 352 4238 ibi
381 4190 449 4238 enim
476 4187 616 4238 luculenter
637 4188 688 4252 legi
710 4187 833 4238 affirmet:
863 4186 1061 4250 ,Esarhaddom
1090 4203 1231 4253 conqueror
1255 4189 1284 4239 of

371 4456 378 4484 Ι
