2954 4784
185 175 231 242 74
591 179 664 240 Car.
679 181 724 254 Il,
742 197 771 239 v.
786 185 880 238 6-11.

182 363 400 440 captivitatem,
418 372 448 424 et
464 366 534 424 urbs
549 365 635 424 simul
648 373 677 424 et
689 383 811 442 regnum
823 363 950 427 deletum
963 373 1016 424 est.
1041 363 1171 441 Intelligi
1185 371 1284 424 autem

182 465 235 523 vix
252 474 351 542 potest
368 484 420 524 cur
437 465 658 542 simplissimam
674 466 784 524 hancce
801 465 983 524 notationem
999 465 1133 544 plerique
1157 465 1283 542 relique·

182 567 250 624 rint.
276 568 391 644 Agmen
408 566 517 624 ducunt
529 566 619 624 LXX
638 553 657 647 ἡ
674 554 860 637 ὑπόστασις
877 549 1106 647 ἀπεκαλύφθη
1124 557 1182 624 καὶ
1201 555 1284 646 αὕτη

183 654 439 744 dve'dutvavulg.
453 667 536 726 miles
549 667 684 743 captivus
697 666 842 725 abductus
854 675 915 738 est3
931 663 1066 724 Carnam
1077 676 1106 726 et
1112 665 1284 728 Sannauss·

182 784 258 825 asar
273 767 392 845 (Thes.)
410 767 592 840 coniectura,
611 787 649 825 ex
666 787 725 844 qua
741 766 850 842 legisse
865 767 910 824 illi
930 780 997 825 :tto
1019 775 1175 842 putantur,
1201 767 1285 826 verbi

182 855 411 949 ἀπεκαλύφθη
429 887 535 944 parum
551 868 656 926 habuit
671 867 824 926 radonem.
851 866 1003 927 Chaldaeo
1016 875 1175 943 praeeunte
1187 866 1284 928 Nrco·

182 985 258 1040 usus
275 969 437 1042 uramus,
454 968 622 1028 Lurnnaus
639 969 688 1026 all.
708 967 843 1045 reginam
865 966 1049 1042 intelligunt,
1072 968 1183 1046 quippe
1208 987 1285 1044 quae

182 1070 234 1132 Ps.
253 1069 349 1143 XLV,
369 1075 402 1129 10
418 1069 503 1127 iuxta
519 1087 617 1146 regem
636 1068 797 1128 constituta
814 1069 868 1142 sit,
894 1068 1121 1128 assentientibus
1138 1068 1284 1130 Rabbinis

182 1169 347 1247 plerisqae3
366 1187 437 1246 ergo
454 1169 557 1246 regina
573 1189 676 1229 revera
693 1189 712 1227 a
728 1168 835 1230 stando
847 1168 965 1228 duxerit
977 1170 1106 1228 nomen?
1133 1169 1284 1230 Audacius

183 1271 271 1330 simul
289 1279 317 1329 et
341 1271 524 1330 commodius
542 1271 729 1342 Runcnnur,
754 1271 821 1328 Ew.
838 1270 979 1343 Huzzab,
1003 1277 1146 1348 tanquam
1163 1270 1284 1348 reginae

182 1390 303 1444 nomen3
321 1372 358 1430 de
375 1392 435 1452 qua
452 1371 598 1430 sententia
614 1371 740 1429 Mnmao
758 1369 778 1428 l.
790 1370 810 1428 l.
829 1374 933 1447 p.1034
949 1371 1024 1428 adeo
1036 1390 1209 1447 persuasum
1227 1380 1283 1444 est,

182 1481 215 1530 ut
231 1473 373 1532 affirmet:
398 1472 478 1547 „Die
493 1472 651 1549 folgenden
668 1471 774 1530 Worte
796 1471 954 1548 verlangen
980 1490 1014 1530 so
1033 1472 1179 1532 durchaus
1204 1471 1285 1532 diese

182 1574 355 1646 Annahme,
389 1573 459 1632 dass
483 1574 552 1648 jede
582 1573 691 1632 andere
716 1572 857 1648 Deutung
886 1572 1078 1650 nothwendig
1107 1571 1284 1632 missrathen

182 1692 281 1746 muss3
305 1694 337 1734 es
359 1675 400 1734 ist
420 1674 572 1733 bestimmt
587 1708 623 1718 -
641 1675 753 1732 mdeste
772 1672 931 1747 jedenfalls
954 1674 1062 1734 anders
1085 1673 1285 1750 ausgedrirckt

183 1774 247 1834 sein
263 1775 324 1832 und
334 1775 416 1850 giebt
427 1774 650 1833 zudem'keinen
662 1782 752 1850 gnten
765 1772 871 1834 Sinn.“
889 1772 1048 1833 Gnsnurus
1063 1775 1153 1847 thes,
1172 1773 1283 1834 Garum

183 1874 311 1951 speciem
327 1875 458 1942 referunt
473 1875 512 1934 ad
527 1895 556 1935 v.
578 1889 643 1936 :23
664 1875 810 1947 diffluere,
829 1882 860 1934 et
874 1875 1055 1951 coniungunt
1071 1894 1136 1934 cum
1153 1894 1182 1933 v.
1200 1883 1281 1934 ante-

184 1975 317 2034 cedente:
335 1976 472 2054 liquescit
488 1985 518 2034 et
534 1975 656 2048 diffluit,
680 1975 731 2034 ubi
747 1976 835 2051 plane
852 1977 991 2036 abundat.
1017 1975 1049 2034 N
1050 1975 1190 2036 ovissima
1207 1976 1281 2036 satis

182 2076 334 2152 ingeniose
351 2077 500 2137 aberravit
515 2076 692 2135 Hrszralus:
730 2089 835 2163 ῥίζῃ,
854 2076 965 2136 lacerta
981 2075 1103 2153 (callida
1123 2077 1176 2134 illa
1192 2069 1281 2154 atque

100 2253 103 2258 1
183 2185 283 2236 astuta
306 2178 420 2252 bellua,
450 2181 527 2255 quae
549 2177 744 2254 Assyriorum
765 2176 875 2235 referat
895 2177 1083 2255 imaginem),
1106 2178 1280 2237 abscondita

181 2277 257 2336 inter
274 2297 374 2338 muros
392 2287 421 2336 et
437 2279 617 2337 munimenta
632 2274 745 2358 (uzon)
763 2277 917 2354 detegitur,
944 2286 972 2337 et
990 2297 1105 2338 sursum
1122 2278 1280 2336 trahitur.“

182 2411 219 2422 -
241 2374 297 2442 uia
318 2379 371 2438 inf.
388 2378 468 2452 Piel‚
494 2379 627 2438 sicuti.in
644 2377 723 2450 Kal,
746 2377 842 2454 primo
865 2378 931 2436 loco
947 2379 1116 2456 significat:
1135 2387 1279 2456 retegere,

181 2479 307 2552 nudare,
326 2481 379 2538 cfr.
396 2479 458 2552 III,
474 2483 491 2537 3
500 2501 508 2551 3
526 2480 579 2538 Ea.
593 2478 685 2552 XVI,
702 2482 735 2536 37
749 2479 816 2552 all.;
834 2479 912 2538 unde
924 2480 1015 2538 Pual:
1034 2480 1172 2553 nudatur,
1188 2479 1280 2538 LXX

181 2566 424 2660 decreticum
448 2588 526 2639 recte
543 2596 672 2652 utnon,
695 2579 798 2640 Meua.
823 2579 1033 2657 ignominiose,
1056 2580 1178 2640 nudatio
1202 2579 1281 2638 enim

181 2699 296 2739 summa
312 2679 476 2756 ignominia
492 2688 537 2742 est
553 2681 606 2739 cfr.
623 2680 680 2740 Ies.
698 2679 831 2753 XLVII,
850 2685 875 2739 2.
894 2685 936 2754 3.;
959 2681 1035 2741 Hos.
1053 2682 1099 2755 11,
1116 2685 1143 2740 3.
1163 2685 1209 2754 12,
1233 2681 1278 2740 ia·

180 2781 229 2840 fra
244 2780 308 2854 llI,
326 2783 351 2838 5.
378 2799 419 2839 un
436 2781 521 2840 Drnu
539 2781 588 2839 all.
608 2781 643 2839 de
661 2781 866 2857 deportatione
882 2781 1046 2858 cogitantes
1062 2788 1240 2859 potestatem
1255 2782 1278 2840 f.

180 2880 304 2957 Hophal
320 2882 513 2940 confuderunt
529 2901 595 2940 curn
611 2882 706 2941 altera
717 2881 738 2940 f.
751 2881 825 2940 Piel.
852 2880 1002 2942 Subiectio
1015 2883 1101 2942 facile
1113 2882 1277 2959 suppletur,

180 2981 304 3056 Ninive,
324 3003 350 3041 v.
365 2987 396 3055 9,
420 2983 664 3052 econsuetudine
680 2983 753 3042 satis
770 2983 892 3059 vulgata
915 2984 1046 3043 mulieris
1062 2983 1192 3060 imagine
1207 3002 1277 3058 pro-

179 3083 288 3158 posita
313 3082 379 3142 Nec
399 3102 519 3144 necesse
538 3092 598 3156 est,
622 3093 655 3141 ut
670 3082 873 3142 Uuannrrruu
896 3085 988 3144 secuti
1008 3092 1133 3160 propter
1153 3083 1278 3145 ancillas

179 3183 282 3258 paullo
298 3193 369 3259 post
380 3184 515 3242 inductas
528 3184 660 3269 peginam
674 3183 879 3259 suppleamus3
898 3205 966 3242 nam
977 3205 1043 3244 cum
1056 3185 1125 3244 illae
1135 3203 1195 3244 non
1207 3203 1277 3261 pro-

179 3283 246 3358 prio
264 3302 367 3358 sensu,
386 3286 438 3343 sed
453 3304 506 3361 per
524 3284 742 3344 similitudinem
760 3284 968 3362 intelligendae
980 3286 1054 3360 sint,
1073 3304 1133 3344 non
1147 3293 1193 3345 est
1205 3286 1277 3364 quin

180 3381 278 3442 Ninus
296 3403 414 3460 quoque
430 3393 533 3461 pateat
548 3386 647 3445 latius.
665 3419 702 3428 -
725 3381 788 3448 aly
815 3386 906 3463 Hiph.
928 3387 980 3446 Pe.
999 3385 1070 3459 ΟΠ,
1088 3391 1121 3444 25
1143 3386 1277 3460 abstulit,

180 3484 314 3556 sustulit,
331 3485 400 3544 inde
416 3486 518 3562 Hoph.
537 3487 726 3563 deportatur,
744 3485 834 3544 Num.
852 3487 914 3560 IX,
929 3492 970 3546 17.
984 3492 1027 3546 21.
1041 3491 1091 3559 223
1109 3487 1162 3544 Ez.
1176 3485 1232 3560 IX,
1242 3491 1276 3560 ὃς

178 3584 282 3644 Ierem.
300 3585 470 3660 XXXVII,
484 3590 510 3646 5.
524 3592 564 3646 11.
590 3586 712 3664 Legitur
729 3587 849 3664 quidem
866 3587 930 3646 Iud.
944 3587 998 3661 VI,
1016 3592 1049 3646 28
1067 3587 1186 3645 notione
1203 3587 1276 3648 offe-

178 3686 262 3744 rendi
279 3687 468 3760 holocausta3
487 3689 678 3764 quamobrem
697 3687 864 3760 Cocamus,
882 3687 1027 3748 Hostum.
1045 3687 1114 3746 huic
1129 3688 1276 3764 siguifica-

112 3781 114 3787 ‘
178 3787 251 3844 tioni
273 3789 511 3863 patrocinantur,
541 3807 618 3865 quae
639 3807 693 3863 per
720 3807 752 3847 se
776 3788 894 3864 quidem
917 3789 991 3848 bene
1013 3797 1178 3862 constaret,
1207 3788 1277 3864 (cfr.

177 3889 269 3964 nra),
293 3889 322 3945 in
344 3889 422 3947 hunc
445 3897 542 3947 tamen
566 3889 775 3948 sententiarum
792 3907 983 3966 progressum
1001 3891 1147 3966 quadrare
1164 3889 1274 3966 nequit.

177 3986 229 4046 Uti
254 3987 504 4060 Hcaaausuuus,
530 3989 574 4046 ita
595 3988 787 4052 Ksmusmus
811 4009 929 4067 quoque
959 3991 1097 4049 temerius
1125 3987 1277 4048 existimat

177 4088 311 4148 confecta
326 4088 399 4148 haec
415 4090 454 4148 ad
473 4090 595 4149 verbum
613 4109 693 4162 esse,
711 4109 776 4150 cum
794 4091 929 4150 Diodoro
946 4100 1066 4150 auctora
1086 4089 1275 4164 Sardanapa-

176 4185 223 4268 lus
241 4207 327 4260 „cum
346 4191 516 4250 concubInis
534 4199 562 4249 et
580 4191 718 4252 eunuchis
735 4193 766 4251 in
783 4192 1004 4265 domunculam,
1024 4211 1112 4268 quam
1129 4191 1159 4250 in
1177 4191 1274 4250 medio
