<?xml version="1.0" encoding="UTF-8"?>
<!DOCTYPE html PUBLIC "-//W3C//DTD XHTML 1.0 Transitional//EN"
    "http://www.w3.org/TR/xhtml1/DTD/xhtml1-transitional.dtd">
<html xmlns="http://www.w3.org/1999/xhtml" xml:lang="en" lang="en">
 <head>
  <title>
</title>
<meta http-equiv="Content-Type" content="text/html;charset=utf-8" />
  <meta name='ocr-system' content='tesseract 3.04.00' />
  <meta name='ocr-capabilities' content='ocr_page ocr_carea ocr_par ocr_line ocrx_word'/>
</head>
<body>
  <div class='ocr_page' id='page_1' title='image "./nahumideninovat01stragoog/nahumideninovat01stragoog_0198.png"; bbox 0 0 2954 4784; ppageno 0'>
   <div class='ocr_carea' id='block_1_1' title="bbox 604 205 858 278">
    <p class='ocr_par' dir='ltr' id='par_1_1' title="bbox 604 205 858 278">
     <span class='ocr_line' id='line_1_1' title="bbox 604 205 858 278; baseline 0.012 -15"><span class='ocrx_word' id='word_1_1' title='bbox 604 205 676 265; x_wconf 80' lang='lat' dir='ltr'>Car.</span> <span class='ocrx_word' id='word_1_2' title='bbox 694 206 753 278; x_wconf 85' lang='grc' dir='ltr'>ΙΙΙ,</span> <span class='ocrx_word' id='word_1_3' title='bbox 772 223 800 264; x_wconf 90' lang='lat' dir='ltr'>v.</span> <span class='ocrx_word' id='word_1_4' title='bbox 818 212 858 266; x_wconf 92' lang='lat'>11.</span> 
     </span>
    </p>
   </div>
   <div class='ocr_carea' id='block_1_2' title="bbox 627 493 841 702">
    <p class='ocr_par' dir='ltr' id='par_1_2' title="bbox 627 493 841 702">
     <span class='ocr_line' id='line_1_2' title="bbox 627 493 841 551; baseline 0.009 -3"><span class='ocrx_word' id='word_1_5' title='bbox 627 493 651 548; x_wconf 85' lang='lat' dir='ltr'>h.</span> <span class='ocrx_word' id='word_1_6' title='bbox 685 512 714 551; x_wconf 86' lang='lat' dir='ltr'>v.</span> <span class='ocrx_word' id='word_1_7' title='bbox 730 495 841 550; x_wconf 87' lang='lat'>11-13.</span> 
     </span>
     <span class='ocr_line' id='line_1_3' title="bbox 685 648 776 702; baseline 0.011 -2"><span class='ocrx_word' id='word_1_8' title='bbox 685 663 713 702; x_wconf 87' lang='lat' dir='ltr'>v.</span> <span class='ocrx_word' id='word_1_9' title='bbox 734 648 776 701; x_wconf 94' lang='grc'>11.</span> 
     </span>
    </p>
   </div>
   <div class='ocr_carea' id='block_1_3' title="bbox 177 791 1361 4090">
    <p class='ocr_par' dir='ltr' id='par_1_3' title="bbox 177 791 1361 4090">
     <span class='ocr_line' id='line_1_4' title="bbox 229 791 1283 874; baseline 0.005 -24"><span class='ocrx_word' id='word_1_10' title='bbox 229 791 358 850; x_wconf 85' lang='lat' dir='ltr'>Tantum</span> <span class='ocrx_word' id='word_1_11' title='bbox 376 791 477 864; x_wconf 89' lang='lat' dir='ltr'>abest,</span> <span class='ocrx_word' id='word_1_12' title='bbox 501 799 534 850; x_wconf 91' lang='lat' dir='ltr'>ut</span> <span class='ocrx_word' id='word_1_13' title='bbox 556 791 661 866; x_wconf 88' lang='lat' dir='ltr'>melior</span> <span class='ocrx_word' id='word_1_14' title='bbox 685 793 720 853; x_wconf 88' lang='lat' dir='ltr'>sit</span> <span class='ocrx_word' id='word_1_15' title='bbox 740 791 790 852; x_wconf 93' lang='lat' dir='ltr'>No</span> <span class='ocrx_word' id='word_1_16' title='bbox 810 796 956 852; x_wconf 84' lang='lat' dir='ltr'>Ammona</span> <span class='ocrx_word' id='word_1_17' title='bbox 973 793 1085 868; x_wconf 83' lang='lat' dir='ltr'><strong>Ninus,</strong></span> <span class='ocrx_word' id='word_1_18' title='bbox 1109 805 1142 854; x_wconf 93' lang='lat' dir='ltr'>ut</span> <span class='ocrx_word' id='word_1_19' title='bbox 1164 799 1283 874; x_wconf 85' lang='lat' dir='ltr'>gravio-</span> 
     </span>
     <span class='ocr_line' id='line_1_5' title="bbox 178 894 1283 967; baseline 0.007 -19"><span class='ocrx_word' id='word_1_20' title='bbox 178 911 240 950; x_wconf 90' lang='lat' dir='ltr'>rem</span> <span class='ocrx_word' id='word_1_21' title='bbox 258 894 345 950; x_wconf 90' lang='lat' dir='ltr'>etiam</span> <span class='ocrx_word' id='word_1_22' title='bbox 363 899 523 967; x_wconf 80' lang='lat' dir='ltr'>expertura</span> <span class='ocrx_word' id='word_1_23' title='bbox 540 911 641 952; x_wconf 89' lang='lat' dir='ltr'>casum</span> <span class='ocrx_word' id='word_1_24' title='bbox 659 894 705 952; x_wconf 91' lang='lat' dir='ltr'>sit.</span> <span class='ocrx_word' id='word_1_25' title='bbox 729 895 828 954; x_wconf 78' lang='lat' dir='ltr'>Etiam</span> <span class='ocrx_word' id='word_1_26' title='bbox 846 905 877 952; x_wconf 86' lang='lat' dir='ltr'>tu</span> <span class='ocrx_word' id='word_1_27' title='bbox 892 896 1077 967; x_wconf 81' lang='lat' dir='ltr'>inebriabere,</span> <span class='ocrx_word' id='word_1_28' title='bbox 1095 908 1152 955; x_wconf 82' lang='lat' dir='ltr'>esto</span> <span class='ocrx_word' id='word_1_29' title='bbox 1166 900 1283 956; x_wconf 84' lang='lat' dir='ltr'>abscon-</span> 
     </span>
     <span class='ocr_line' id='line_1_6' title="bbox 179 995 1283 1069; baseline 0.007 -19"><span class='ocrx_word' id='word_1_30' title='bbox 179 995 256 1050; x_wconf 81' lang='lat' dir='ltr'>ditu:</span> <span class='ocrx_word' id='word_1_31' title='bbox 281 995 364 1050; x_wconf 82' lang='lat' dir='ltr'>etiam</span> <span class='ocrx_word' id='word_1_32' title='bbox 389 1002 420 1050; x_wconf 86' lang='lat' dir='ltr'>tu</span> <span class='ocrx_word' id='word_1_33' title='bbox 446 1011 562 1068; x_wconf 78' lang='lat' dir='ltr'><em>quaeres</em></span> <span class='ocrx_word' id='word_1_34' title='bbox 584 997 760 1069; x_wconf 73' lang='lat' dir='ltr'><strong><em>praesidium</em></strong></span> <span class='ocrx_word' id='word_1_35' title='bbox 777 997 814 1053; x_wconf 85' lang='lat' dir='ltr'>ab</span> <span class='ocrx_word' id='word_1_36' title='bbox 830 997 925 1054; x_wconf 74' lang='lat' dir='ltr'>hostel</span> <span class='ocrx_word' id='word_1_37' title='bbox 949 997 1107 1056; x_wconf 81' lang='lat' dir='ltr'>Praeclare</span> <span class='ocrx_word' id='word_1_38' title='bbox 1124 1001 1283 1058; x_wconf 87' lang='lat' dir='ltr'>secundum</span> 
     </span>
     <span class='ocr_line' id='line_1_7' title="bbox 178 1083 1283 1174; baseline 0.01 -23"><span class='ocrx_word' id='word_1_39' title='bbox 178 1083 290 1151; x_wconf 79' lang='lat' dir='ltr'>v.10¹&#39;¹¹</span> <span class='ocrx_word' id='word_1_40' title='bbox 313 1092 534 1152; x_wconf 88' lang='lat' dir='ltr'>similitudinem</span> <span class='ocrx_word' id='word_1_41' title='bbox 561 1102 717 1174; x_wconf 89' lang='lat' dir='ltr'>utmmque</span> <span class='ocrx_word' id='word_1_42' title='bbox 748 1097 910 1155; x_wconf 86' lang='lat' dir='ltr'>membrum</span> <span class='ocrx_word' id='word_1_43' title='bbox 941 1097 1047 1173; x_wconf 81' lang='lat' dir='ltr'><strong>incipit</strong></span> <span class='ocrx_word' id='word_1_44' title='bbox 1072 1119 1120 1157; x_wconf 88' lang='lat' dir='ltr'>vv.</span> <span class='ocrx_word' id='word_1_45' title='bbox 1157 1115 1215 1160; x_wconf 71' lang='lat' dir='ltr'>uu·</span> <span class='ocrx_word' id='word_1_46' title='bbox 1236 1119 1283 1174; x_wconf 76' lang='lat' dir='ltr'>ou,</span> 
     </span>
     <span class='ocr_line' id='line_1_8' title="bbox 179 1193 1285 1278; baseline 0.007 -27"><span class='ocrx_word' id='word_1_47' title='bbox 179 1204 211 1252; x_wconf 92' lang='lat' dir='ltr'>tu</span> <span class='ocrx_word' id='word_1_48' title='bbox 230 1213 369 1271; x_wconf 88' lang='lat' dir='ltr'>quoque,</span> <span class='ocrx_word' id='word_1_49' title='bbox 390 1193 476 1253; x_wconf 89' lang='lat' dir='ltr'>sicuti</span> <span class='ocrx_word' id='word_1_50' title='bbox 492 1195 613 1253; x_wconf 80' lang='lat' dir='ltr'>Thebae</span> <span class='ocrx_word' id='word_1_51' title='bbox 630 1195 714 1270; x_wconf 85' lang='lat' dir='ltr'>illae,</span> <span class='ocrx_word' id='word_1_52' title='bbox 738 1205 772 1256; x_wconf 93' lang='lat' dir='ltr'>tu</span> <span class='ocrx_word' id='word_1_53' title='bbox 790 1198 892 1267; x_wconf 86' lang='lat' dir='ltr'>etiarn,</span> <span class='ocrx_word' id='word_1_54' title='bbox 918 1217 936 1254; x_wconf 86' lang='lat' dir='ltr'>a</span> <span class='ocrx_word' id='word_1_55' title='bbox 954 1217 1014 1274; x_wconf 88' lang='lat' dir='ltr'>qua</span> <span class='ocrx_word' id='word_1_56' title='bbox 1031 1200 1090 1257; x_wconf 91' lang='lat' dir='ltr'>tale</span> <span class='ocrx_word' id='word_1_57' title='bbox 1108 1201 1179 1275; x_wconf 91' lang='lat' dir='ltr'>quid</span> <span class='ocrx_word' id='word_1_58' title='bbox 1196 1200 1285 1278; x_wconf 87' lang='lat' dir='ltr'>longe</span> 
     </span>
     <span class='ocr_line' id='line_1_9' title="bbox 181 1295 1283 1373; baseline 0.006 -21"><span class='ocrx_word' id='word_1_59' title='bbox 181 1295 287 1353; x_wconf 87' lang='lat' dir='ltr'>abesse</span> <span class='ocrx_word' id='word_1_60' title='bbox 305 1302 334 1352; x_wconf 89' lang='lat' dir='ltr'>et</span> <span class='ocrx_word' id='word_1_61' title='bbox 350 1295 418 1371; x_wconf 89' lang='lat' dir='ltr'>ipsa</span> <span class='ocrx_word' id='word_1_62' title='bbox 434 1303 464 1352; x_wconf 92' lang='lat' dir='ltr'>et</span> <span class='ocrx_word' id='word_1_63' title='bbox 487 1296 590 1372; x_wconf 91' lang='lat' dir='ltr'>populi</span> <span class='ocrx_word' id='word_1_64' title='bbox 617 1296 678 1355; x_wconf 86' lang='lat' dir='ltr'>fere</span> <span class='ocrx_word' id='word_1_65' title='bbox 698 1317 800 1358; x_wconf 88' lang='lat' dir='ltr'>omnes</span> <span class='ocrx_word' id='word_1_66' title='bbox 820 1297 986 1373; x_wconf 84' lang='lat' dir='ltr'>opinantur.</span> <span class='ocrx_word' id='word_1_67' title='bbox 1015 1298 1117 1358; x_wconf 87' lang='lat' dir='ltr'>Verba</span> <span class='ocrx_word' id='word_1_68' title='bbox 1136 1301 1283 1360; x_wconf 82' lang='lat' dir='ltr'>Houuuu.</span> 
     </span>
     <span class='ocr_line' id='line_1_10' title="bbox 179 1395 1284 1471; baseline 0.006 -18"><span class='ocrx_word' id='word_1_69' title='bbox 179 1405 259 1454; x_wconf 86' lang='lat' dir='ltr'>recte</span> <span class='ocrx_word' id='word_1_70' title='bbox 276 1395 319 1453; x_wconf 90' lang='lat' dir='ltr'>ait</span> <span class='ocrx_word' id='word_1_71' title='bbox 336 1414 394 1452; x_wconf 94' lang='lat' dir='ltr'>non</span> <span class='ocrx_word' id='word_1_72' title='bbox 412 1415 491 1454; x_wconf 88' lang='lat' dir='ltr'>mere</span> <span class='ocrx_word' id='word_1_73' title='bbox 507 1396 608 1454; x_wconf 88' lang='lat' dir='ltr'>futura</span> <span class='ocrx_word' id='word_1_74' title='bbox 626 1415 706 1471; x_wconf 87' lang='lat' dir='ltr'>esse,</span> <span class='ocrx_word' id='word_1_75' title='bbox 727 1400 778 1457; x_wconf 92' lang='lat' dir='ltr'>sed</span> <span class='ocrx_word' id='word_1_76' title='bbox 795 1399 997 1471; x_wconf 82' lang='lat' dir='ltr'><strong>voluntativa,</strong></span> <span class='ocrx_word' id='word_1_77' title='bbox 1021 1399 1065 1457; x_wconf 90' lang='lat' dir='ltr'>uti</span> <span class='ocrx_word' id='word_1_78' title='bbox 1083 1419 1140 1459; x_wconf 90' lang='lat' dir='ltr'>nos</span> <span class='ocrx_word' id='word_1_79' title='bbox 1156 1402 1284 1461; x_wconf 87' lang='lat' dir='ltr'>reddidi-</span> 
     </span>
     <span class='ocr_line' id='line_1_11' title="bbox 177 1495 1283 1578; baseline 0.009 -28"><span class='ocrx_word' id='word_1_80' title='bbox 177 1515 246 1555; x_wconf 85' lang='lat' dir='ltr'>mus</span> <span class='ocrx_word' id='word_1_81' title='bbox 268 1515 323 1554; x_wconf 91' lang='lat' dir='ltr'>sec.</span> <span class='ocrx_word' id='word_1_82' title='bbox 341 1495 544 1555; x_wconf 82' lang='lat' dir='ltr'>abbreviatam</span> <span class='ocrx_word' id='word_1_83' title='bbox 561 1497 698 1573; x_wconf 85' lang='lat' dir='ltr'>imperat.</span> <span class='ocrx_word' id='word_1_84' title='bbox 716 1498 737 1560; x_wconf 84' lang='lat' dir='ltr'>f.</span> <span class='ocrx_word' id='word_1_85' title='bbox 774 1517 847 1572; x_wconf 61' lang='lat' dir='ltr'>run,</span> <span class='ocrx_word' id='word_1_86' title='bbox 865 1498 931 1557; x_wconf 84' lang='lat' dir='ltr'>Ew.</span> <span class='ocrx_word' id='word_1_87' title='bbox 949 1499 974 1575; x_wconf 62' lang='grc' dir='ltr'>ᾗ.</span> <span class='ocrx_word' id='word_1_88' title='bbox 987 1503 1047 1558; x_wconf 79' lang='grc'><strong>224.</strong></span> <span class='ocrx_word' id='word_1_89' title='bbox 1071 1499 1144 1559; x_wconf 83' lang='grc' dir='ltr'>Νοῃ</span> <span class='ocrx_word' id='word_1_90' title='bbox 1155 1498 1283 1578; x_wconf 57' lang='lat' dir='ltr'>&#39;proprie</span> 
     </span>
     <span class='ocr_line' id='line_1_12' title="bbox 182 1597 1285 1672; baseline 0.005 -16"><span class='ocrx_word' id='word_1_91' title='bbox 182 1605 297 1669; x_wconf 86' lang='lat' dir='ltr'>autem,</span> <span class='ocrx_word' id='word_1_92' title='bbox 316 1597 368 1655; x_wconf 91' lang='lat' dir='ltr'>sed</span> <span class='ocrx_word' id='word_1_93' title='bbox 385 1598 528 1658; x_wconf 75' lang='lat' dir='ltr'>translate</span> <span class='ocrx_word' id='word_1_94' title='bbox 545 1598 652 1657; x_wconf 86' lang='lat' dir='ltr'>dicitur</span> <span class='ocrx_word' id='word_1_95' title='bbox 663 1598 803 1658; x_wconf 89' lang='lat' dir='ltr'>inebriari</span> <span class='ocrx_word' id='word_1_96' title='bbox 817 1598 923 1658; x_wconf 87' lang='lat' dir='ltr'><strong>Ninus.</strong></span> <span class='ocrx_word' id='word_1_97' title='bbox 947 1599 1094 1672; x_wconf 89' lang='lat' dir='ltr'>„Locutio</span> <span class='ocrx_word' id='word_1_98' title='bbox 1108 1602 1180 1660; x_wconf 89' lang='lat' dir='ltr'>haec</span> <span class='ocrx_word' id='word_1_99' title='bbox 1193 1613 1285 1662; x_wconf 89' lang='lat' dir='ltr'>meta·</span> 
     </span>
     <span class='ocr_line' id='line_1_13' title="bbox 181 1697 1285 1774; baseline 0.005 -18"><span class='ocrx_word' id='word_1_100' title='bbox 181 1699 320 1774; x_wconf 86' lang='lat' dir='ltr'>phorica,</span> <span class='ocrx_word' id='word_1_101' title='bbox 339 1697 411 1756; x_wconf 83' lang='lat' dir='ltr'>alibi</span> <span class='ocrx_word' id='word_1_102' title='bbox 427 1699 457 1756; x_wconf 94' lang='lat' dir='ltr'>in</span> <span class='ocrx_word' id='word_1_103' title='bbox 475 1699 585 1757; x_wconf 90' lang='lat' dir='ltr'>bouum</span> <span class='ocrx_word' id='word_1_104' title='bbox 604 1718 721 1758; x_wconf 90' lang='lat' dir='ltr'>sensum</span> <span class='ocrx_word' id='word_1_105' title='bbox 739 1699 937 1758; x_wconf 86' lang='lat' dir='ltr'>abundantiae</span> <span class='ocrx_word' id='word_1_106' title='bbox 954 1701 1100 1759; x_wconf 90' lang='lat' dir='ltr'>bonorum</span> <span class='ocrx_word' id='word_1_107' title='bbox 1112 1711 1142 1760; x_wconf 93' lang='lat' dir='ltr'>et</span> <span class='ocrx_word' id='word_1_108' title='bbox 1153 1703 1285 1763; x_wconf 88' lang='lat' dir='ltr'>laetitiae</span> 
     </span>
     <span class='ocr_line' id='line_1_14' title="bbox 181 1793 1285 1880; baseline 0.006 -24"><span class='ocrx_word' id='word_1_109' title='bbox 181 1799 249 1857; x_wconf 89' lang='lat' dir='ltr'>binc</span> <span class='ocrx_word' id='word_1_110' title='bbox 266 1807 423 1876; x_wconf 87' lang='lat' dir='ltr'>perceptae</span> <span class='ocrx_word' id='word_1_111' title='bbox 440 1804 579 1875; x_wconf 86' lang='lat' dir='ltr'>sumpta“</span> <span class='ocrx_word' id='word_1_112' title='bbox 599 1799 666 1876; x_wconf 89' lang='lat' dir='ltr'>(cfr.</span> <span class='ocrx_word' id='word_1_113' title='bbox 684 1800 708 1874; x_wconf 93' lang='lat' dir='ltr'>I,</span> <span class='ocrx_word' id='word_1_114' title='bbox 729 1793 790 1878; x_wconf 75' lang='lat'>10),</span> <span class='ocrx_word' id='word_1_115' title='bbox 811 1801 879 1872; x_wconf 90' lang='lat' dir='ltr'>„hic</span> <span class='ocrx_word' id='word_1_116' title='bbox 896 1799 1007 1858; x_wconf 90' lang='lat' dir='ltr'>clarum</span> <span class='ocrx_word' id='word_1_117' title='bbox 1026 1810 1085 1875; x_wconf 87' lang='lat' dir='ltr'>est,</span> <span class='ocrx_word' id='word_1_118' title='bbox 1105 1805 1186 1880; x_wconf 92' lang='lat' dir='ltr'>quod</span> <span class='ocrx_word' id='word_1_119' title='bbox 1202 1813 1285 1863; x_wconf 89' lang='lat' dir='ltr'>notet</span> 
     </span>
     <span class='ocr_line' id='line_1_15' title="bbox 181 1899 1285 1978; baseline 0.006 -22"><span class='ocrx_word' id='word_1_120' title='bbox 181 1899 307 1971; x_wconf 83' lang='lat' dir='ltr'>malurn,</span> <span class='ocrx_word' id='word_1_121' title='bbox 325 1919 384 1957; x_wconf 91' lang='lat' dir='ltr'>non</span> <span class='ocrx_word' id='word_1_122' title='bbox 404 1901 523 1976; x_wconf 86' lang='lat' dir='ltr'>culpae,</span> <span class='ocrx_word' id='word_1_123' title='bbox 549 1943 600 1959; x_wconf 90' lang='lat'>...</span> <span class='ocrx_word' id='word_1_124' title='bbox 626 1901 677 1959; x_wconf 88' lang='lat' dir='ltr'>sed</span> <span class='ocrx_word' id='word_1_125' title='bbox 695 1920 824 1978; x_wconf 84' lang='lat' dir='ltr'>poenae,</span> <span class='ocrx_word' id='word_1_126' title='bbox 839 1911 984 1978; x_wconf 89' lang='lat' dir='ltr'>quatenus</span> <span class='ocrx_word' id='word_1_127' title='bbox 1002 1902 1073 1960; x_wconf 90' lang='lat' dir='ltr'>dicit</span> <span class='ocrx_word' id='word_1_128' title='bbox 1089 1905 1227 1964; x_wconf 89' lang='lat' dir='ltr'>haustum</span> <span class='ocrx_word' id='word_1_129' title='bbox 1246 1925 1285 1963; x_wconf 86' lang='lat' dir='ltr'>ex</span> 
     </span>
     <span class='ocr_line' id='line_1_16' title="bbox 181 1999 1285 2078; baseline 0.007 -21"><span class='ocrx_word' id='word_1_130' title='bbox 181 1999 288 2077; x_wconf 90' lang='lat' dir='ltr'>poculo</span> <span class='ocrx_word' id='word_1_131' title='bbox 311 1999 374 2058; x_wconf 90' lang='lat' dir='ltr'>irae</span> <span class='ocrx_word' id='word_1_132' title='bbox 391 2000 508 2059; x_wconf 89' lang='lat' dir='ltr'>divinae</span> <span class='ocrx_word' id='word_1_133' title='bbox 524 2000 694 2074; x_wconf 86' lang='lat' dir='ltr'>liberalem,</span> <span class='ocrx_word' id='word_1_134' title='bbox 720 2002 797 2059; x_wconf 93' lang='lat' dir='ltr'>unde</span> <span class='ocrx_word' id='word_1_135' title='bbox 821 2001 898 2059; x_wconf 87' lang='lat' dir='ltr'>foret</span> <span class='ocrx_word' id='word_1_136' title='bbox 925 2021 1039 2060; x_wconf 87' lang='lat' dir='ltr'>summa</span> <span class='ocrx_word' id='word_1_137' title='bbox 1055 2004 1231 2078; x_wconf 86' lang='lat' dir='ltr'>infirmitas,</span> <span class='ocrx_word' id='word_1_138' title='bbox 1256 2017 1285 2064; x_wconf 90' lang='lat' dir='ltr'>et</span> 
     </span>
     <span class='ocr_line' id='line_1_17' title="bbox 181 2101 1284 2180; baseline 0.005 -21"><span class='ocrx_word' id='word_1_139' title='bbox 181 2101 361 2176; x_wconf 86' lang='lat' dir='ltr'>vertiginosa</span> <span class='ocrx_word' id='word_1_140' title='bbox 378 2101 492 2160; x_wconf 89' lang='lat' dir='ltr'>consilii</span> <span class='ocrx_word' id='word_1_141' title='bbox 509 2101 628 2178; x_wconf 88' lang='lat' dir='ltr'>iuopia,</span> <span class='ocrx_word' id='word_1_142' title='bbox 647 2103 717 2180; x_wconf 91' lang='lat' dir='ltr'>quin</span> <span class='ocrx_word' id='word_1_143' title='bbox 736 2111 765 2160; x_wconf 90' lang='lat' dir='ltr'>et</span> <span class='ocrx_word' id='word_1_144' title='bbox 782 2110 887 2178; x_wconf 82' lang='lat' dir='ltr'>stupor</span> <span class='ocrx_word' id='word_1_145' title='bbox 902 2102 1037 2175; x_wconf 90' lang='lat' dir='ltr'>lethalis,</span> <span class='ocrx_word' id='word_1_146' title='bbox 1056 2105 1131 2162; x_wconf 91' lang='lat' dir='ltr'>siout</span> <span class='ocrx_word' id='word_1_147' title='bbox 1148 2105 1180 2162; x_wconf 92' lang='lat' dir='ltr'>in</span> <span class='ocrx_word' id='word_1_148' title='bbox 1194 2106 1284 2165; x_wconf 89' lang='lat' dir='ltr'>ebriis</span> 
     </span>
     <span class='ocr_line' id='line_1_18' title="bbox 181 2197 1284 2278; baseline 0.004 -19"><span class='ocrx_word' id='word_1_149' title='bbox 181 2197 264 2259; x_wconf 80' lang='lat' dir='ltr'>haec&#39;</span> <span class='ocrx_word' id='word_1_150' title='bbox 276 2201 379 2260; x_wconf 88' lang='lat' dir='ltr'>adesse</span> <span class='ocrx_word' id='word_1_151' title='bbox 403 2202 514 2274; x_wconf 85' lang='lat' dir='ltr'>solent,</span> <span class='ocrx_word' id='word_1_152' title='bbox 538 2203 604 2260; x_wconf 89' lang='lat' dir='ltr'>coll.</span> <span class='ocrx_word' id='word_1_153' title='bbox 621 2203 677 2263; x_wconf 88' lang='lat' dir='ltr'>Ies.</span> <span class='ocrx_word' id='word_1_154' title='bbox 696 2203 753 2276; x_wconf 89' lang='lat' dir='ltr'>LI,</span> <span class='ocrx_word' id='word_1_155' title='bbox 773 2207 813 2262; x_wconf 81' lang='lat'>17.</span> <span class='ocrx_word' id='word_1_156' title='bbox 831 2207 873 2260; x_wconf 90' lang='grc'>20.</span> <span class='ocrx_word' id='word_1_157' title='bbox 890 2207 941 2274; x_wconf 65' lang='grc'>215</span> <span class='ocrx_word' id='word_1_158' title='bbox 966 2203 1021 2260; x_wconf 89' lang='lat' dir='ltr'>ler.</span> <span class='ocrx_word' id='word_1_159' title='bbox 1039 2203 1140 2278; x_wconf 85' lang='lat' dir='ltr'>XXV,</span> <span class='ocrx_word' id='word_1_160' title='bbox 1161 2209 1192 2263; x_wconf 88' lang='lat'>15</span> <span class='ocrx_word' id='word_1_161' title='bbox 1210 2207 1284 2265; x_wconf 83' lang='lat' dir='ltr'>all.“</span> 
     </span>
     <span class='ocr_line' id='line_1_19' title="bbox 181 2296 1283 2380; baseline 0.004 -20"><span class='ocrx_word' id='word_1_162' title='bbox 181 2303 352 2360; x_wconf 70' lang='lat' dir='ltr'>Musones.</span> <span class='ocrx_word' id='word_1_163' title='bbox 375 2296 455 2364; x_wconf 72' lang='lat' dir='ltr'>obv)</span> <span class='ocrx_word' id='word_1_164' title='bbox 483 2301 654 2378; x_wconf 86' lang='lat' dir='ltr'>simpliciter</span> <span class='ocrx_word' id='word_1_165' title='bbox 678 2304 827 2380; x_wconf 80' lang='lat' dir='ltr'>significat</span> <span class='ocrx_word' id='word_1_166' title='bbox 848 2303 894 2376; x_wconf 88' lang='lat' dir='ltr'>id,</span> <span class='ocrx_word' id='word_1_167' title='bbox 921 2304 1000 2379; x_wconf 91' lang='lat' dir='ltr'>quod</span> <span class='ocrx_word' id='word_1_168' title='bbox 1022 2303 1110 2378; x_wconf 91' lang='lat' dir='ltr'>latet,</span> <span class='ocrx_word' id='word_1_169' title='bbox 1137 2308 1283 2366; x_wconf 88' lang='lat' dir='ltr'>occultum</span> 
     </span>
     <span class='ocr_line' id='line_1_20' title="bbox 181 2403 1287 2484; baseline 0.002 -22"><span class='ocrx_word' id='word_1_170' title='bbox 181 2410 241 2475; x_wconf 91' lang='lat' dir='ltr'>est,</span> <span class='ocrx_word' id='word_1_171' title='bbox 268 2403 367 2478; x_wconf 79' lang='lat' dir='ltr'>llteg.</span> <span class='ocrx_word' id='word_1_172' title='bbox 387 2403 434 2476; x_wconf 89' lang='lat' dir='ltr'>X,</span> <span class='ocrx_word' id='word_1_173' title='bbox 453 2407 477 2460; x_wconf 88' lang='lat'>3.</span> <span class='ocrx_word' id='word_1_174' title='bbox 486 2425 495 2474; x_wconf 84' lang='lat'><em>3</em></span> <span class='ocrx_word' id='word_1_175' title='bbox 521 2403 592 2462; x_wconf 89' lang='lat' dir='ltr'>Lev.</span> <span class='ocrx_word' id='word_1_176' title='bbox 611 2405 648 2477; x_wconf 90' lang='lat' dir='ltr'>V,</span> <span class='ocrx_word' id='word_1_177' title='bbox 674 2409 746 2466; x_wconf 85' lang='grc'>2-4</span> <span class='ocrx_word' id='word_1_178' title='bbox 755 2425 763 2476; x_wconf 84' lang='grc'><strong>;</strong></span> <span class='ocrx_word' id='word_1_179' title='bbox 787 2405 866 2461; x_wconf 83' lang='lat' dir='ltr'>Eccl.</span> <span class='ocrx_word' id='word_1_180' title='bbox 892 2403 970 2476; x_wconf 92' lang='lat' dir='ltr'>XII,</span> <span class='ocrx_word' id='word_1_181' title='bbox 990 2409 1036 2476; x_wconf 77' lang='lat'>143</span> <span class='ocrx_word' id='word_1_182' title='bbox 1068 2425 1171 2466; x_wconf 90' lang='lat' dir='ltr'>sensus</span> <span class='ocrx_word' id='word_1_183' title='bbox 1197 2408 1287 2484; x_wconf 85' lang='lat' dir='ltr'>igitur</span> 
     </span>
     <span class='ocr_line' id='line_1_21' title="bbox 181 2503 1288 2585; baseline 0.004 -23"><span class='ocrx_word' id='word_1_184' title='bbox 181 2503 324 2562; x_wconf 86' lang='lat' dir='ltr'>enuntiati</span> <span class='ocrx_word' id='word_1_185' title='bbox 341 2504 390 2561; x_wconf 92' lang='lat' dir='ltr'>hic</span> <span class='ocrx_word' id='word_1_186' title='bbox 406 2511 464 2562; x_wconf 68' lang='lat' dir='ltr'>estu</span> <span class='ocrx_word' id='word_1_187' title='bbox 489 2504 563 2563; x_wconf 86' lang='lat' dir='ltr'>adeo</span> <span class='ocrx_word' id='word_1_188' title='bbox 582 2505 639 2564; x_wconf 86' lang='lat' dir='ltr'>eris</span> <span class='ocrx_word' id='word_1_189' title='bbox 657 2505 754 2563; x_wconf 83' lang='lat' dir='ltr'>deleta</span> <span class='ocrx_word' id='word_1_190' title='bbox 771 2511 803 2562; x_wconf 94' lang='lat' dir='ltr'>ut</span> <span class='ocrx_word' id='word_1_191' title='bbox 820 2505 964 2581; x_wconf 88' lang='lat' dir='ltr'>reliquiae</span> <span class='ocrx_word' id='word_1_192' title='bbox 983 2513 1051 2563; x_wconf 87' lang='lat' dir='ltr'>tuae</span> <span class='ocrx_word' id='word_1_193' title='bbox 1067 2507 1180 2566; x_wconf 87' lang='lat' dir='ltr'>frustra</span> <span class='ocrx_word' id='word_1_194' title='bbox 1198 2527 1288 2585; x_wconf 87' lang='lat' dir='ltr'>quae-</span> 
     </span>
     <span class='ocr_line' id='line_1_22' title="bbox 181 2603 1288 2686; baseline 0.004 -24"><span class='ocrx_word' id='word_1_195' title='bbox 181 2612 299 2676; x_wconf 89' lang='lat' dir='ltr'>rantur,</span> <span class='ocrx_word' id='word_1_196' title='bbox 326 2604 377 2662; x_wconf 84' lang='lat' dir='ltr'>cir.</span> <span class='ocrx_word' id='word_1_197' title='bbox 396 2603 427 2677; x_wconf 92' lang='lat' dir='ltr'>l,</span> <span class='ocrx_word' id='word_1_198' title='bbox 445 2608 470 2662; x_wconf 85' lang='grc'>8.</span> <span class='ocrx_word' id='word_1_199' title='bbox 493 2604 605 2677; x_wconf 88' lang='grc' dir='ltr'><strong>Π,12;</strong></span> <span class='ocrx_word' id='word_1_200' title='bbox 636 2605 743 2664; x_wconf 89' lang='lat' dir='ltr'>Obadi.</span> <span class='ocrx_word' id='word_1_201' title='bbox 761 2625 788 2663; x_wconf 90' lang='lat' dir='ltr'>v.</span> <span class='ocrx_word' id='word_1_202' title='bbox 808 2609 839 2662; x_wconf 87' lang='grc'>16</span> <span class='ocrx_word' id='word_1_203' title='bbox 864 2613 915 2678; x_wconf 92' lang='lat' dir='ltr'>„et</span> <span class='ocrx_word' id='word_1_204' title='bbox 937 2605 1115 2681; x_wconf 87' lang='lat' dir='ltr'>poculsntur</span> <span class='ocrx_word' id='word_1_205' title='bbox 1138 2617 1167 2666; x_wconf 93' lang='lat' dir='ltr'>et</span> <span class='ocrx_word' id='word_1_206' title='bbox 1184 2609 1288 2686; x_wconf 86' lang='lat' dir='ltr'>deglu-</span> 
     </span>
     <span class='ocr_line' id='line_1_23' title="bbox 181 2689 1361 2782; baseline 0.006 -18"><span class='ocrx_word' id='word_1_207' title='bbox 181 2705 271 2778; x_wconf 89' lang='lat' dir='ltr'>tiunt,</span> <span class='ocrx_word' id='word_1_208' title='bbox 295 2712 384 2782; x_wconf 84' lang='lat' dir='ltr'>atque</span> <span class='ocrx_word' id='word_1_209' title='bbox 401 2706 477 2764; x_wconf 88' lang='lat' dir='ltr'>adeo</span> <span class='ocrx_word' id='word_1_210' title='bbox 494 2714 577 2778; x_wconf 90' lang='lat' dir='ltr'>sunt,</span> <span class='ocrx_word' id='word_1_211' title='bbox 603 2705 690 2781; x_wconf 87' lang='lat' dir='ltr'>quasi</span> <span class='ocrx_word' id='word_1_212' title='bbox 708 2725 859 2782; x_wconf 88' lang='lat' dir='ltr'>nunquam</span> <span class='ocrx_word' id='word_1_213' title='bbox 876 2705 1040 2778; x_wconf 85' lang='lat' dir='ltr'>fuissent,“</span> <span class='ocrx_word' id='word_1_214' title='bbox 1058 2723 1106 2773; x_wconf 67' lang='lat' dir='ltr'>rut</span> <span class='ocrx_word' id='word_1_215' title='bbox 1130 2703 1191 2772; x_wconf 63' lang='lat' dir='ltr'>aba</span> <span class='ocrx_word' id='word_1_216' title='bbox 1213 2725 1289 2776; x_wconf 66' lang='lat' dir='ltr'>tutu</span> <span class='ocrx_word' id='word_1_217' title='bbox 1353 2689 1361 2694; x_wconf 37' lang='grc'><strong><em>’</em></strong></span> 
     </span>
     <span class='ocr_line' id='line_1_24' title="bbox 181 2805 1351 2885; baseline 0.003 -22"><span class='ocrx_word' id='word_1_218' title='bbox 181 2805 272 2864; x_wconf 87' lang='lat' dir='ltr'>Haud</span> <span class='ocrx_word' id='word_1_219' title='bbox 290 2825 374 2864; x_wconf 90' lang='lat' dir='ltr'>secus</span> <span class='ocrx_word' id='word_1_220' title='bbox 391 2806 601 2881; x_wconf 89' lang='lat' dir='ltr'>interpretatur</span> <span class='ocrx_word' id='word_1_221' title='bbox 618 2805 790 2865; x_wconf 77' lang='lat' dir='ltr'>Gnuvrnus:</span> <span class='ocrx_word' id='word_1_222' title='bbox 818 2824 997 2878; x_wconf 80' lang='lat' dir='ltr'>„evanescas</span> <span class='ocrx_word' id='word_1_223' title='bbox 1022 2825 1057 2864; x_wconf 88' lang='lat' dir='ltr'>ac</span> <span class='ocrx_word' id='word_1_224' title='bbox 1080 2806 1106 2864; x_wconf 90' lang='lat' dir='ltr'>si</span> <span class='ocrx_word' id='word_1_225' title='bbox 1124 2826 1286 2885; x_wconf 88' lang='lat' dir='ltr'>numquam</span> <span class='ocrx_word' id='word_1_226' title='bbox 1348 2851 1351 2856; x_wconf 89' lang='lat'>-</span> 
     </span>
     <span class='ocr_line' id='line_1_25' title="bbox 181 2905 1284 2984; baseline 0.001 -20"><span class='ocrx_word' id='word_1_227' title='bbox 181 2906 304 2978; x_wconf 62' lang='lat' dir='ltr'>fuissem</span> <span class='ocrx_word' id='word_1_228' title='bbox 327 2925 395 2964; x_wconf 89' lang='lat' dir='ltr'>uam</span> <span class='ocrx_word' id='word_1_229' title='bbox 418 2906 561 2965; x_wconf 85' lang='lat' dir='ltr'>abscondi</span> <span class='ocrx_word' id='word_1_230' title='bbox 586 2925 675 2982; x_wconf 89' lang='lat' dir='ltr'>saepe</span> <span class='ocrx_word' id='word_1_231' title='bbox 696 2906 843 2965; x_wconf 87' lang='lat' dir='ltr'>Hebraeis</span> <span class='ocrx_word' id='word_1_232' title='bbox 869 2915 915 2965; x_wconf 87' lang='lat' dir='ltr'>est</span> <span class='ocrx_word' id='word_1_233' title='bbox 943 2906 974 2964; x_wconf 91' lang='lat' dir='ltr'>in</span> <span class='ocrx_word' id='word_1_234' title='bbox 1006 2905 1128 2963; x_wconf 90' lang='lat' dir='ltr'>nihilum</span> <span class='ocrx_word' id='word_1_235' title='bbox 1155 2907 1284 2984; x_wconf 83' lang='lat' dir='ltr'>redigi.“</span> 
     </span>
     <span class='ocr_line' id='line_1_26' title="bbox 183 3005 1286 3082; baseline 0 -16"><span class='ocrx_word' id='word_1_236' title='bbox 183 3005 491 3080; x_wconf 81' lang='lat' dir='ltr'>Onu1usur,Anann.</span> <span class='ocrx_word' id='word_1_237' title='bbox 518 3007 603 3082; x_wconf 79' lang='lat' dir='ltr'>Quae</span> <span class='ocrx_word' id='word_1_238' title='bbox 620 3027 685 3065; x_wconf 87' lang='lat' dir='ltr'>curn</span> <span class='ocrx_word' id='word_1_239' title='bbox 711 3007 900 3082; x_wconf 84' lang='lat' dir='ltr'>simplicitate</span> <span class='ocrx_word' id='word_1_240' title='bbox 927 3007 1147 3066; x_wconf 87' lang='lat' dir='ltr'>commendetur</span> <span class='ocrx_word' id='word_1_241' title='bbox 1169 3016 1286 3066; x_wconf 89' lang='lat' dir='ltr'>senten-</span> 
     </span>
     <span class='ocr_line' id='line_1_27' title="bbox 182 3106 1286 3184; baseline 0.002 -18"><span class='ocrx_word' id='word_1_242' title='bbox 182 3106 242 3181; x_wconf 86' lang='lat' dir='ltr'>tia,</span> <span class='ocrx_word' id='word_1_243' title='bbox 267 3107 399 3166; x_wconf 87' lang='lat' dir='ltr'>maxima</span> <span class='ocrx_word' id='word_1_244' title='bbox 421 3109 613 3184; x_wconf 89' lang='lat' dir='ltr'>interpretum</span> <span class='ocrx_word' id='word_1_245' title='bbox 636 3127 706 3184; x_wconf 88' lang='lat' dir='ltr'>pars</span> <span class='ocrx_word' id='word_1_246' title='bbox 728 3107 786 3165; x_wconf 90' lang='lat' dir='ltr'>buc</span> <span class='ocrx_word' id='word_1_247' title='bbox 809 3107 880 3166; x_wconf 90' lang='lat' dir='ltr'>illuc</span> <span class='ocrx_word' id='word_1_248' title='bbox 896 3115 1031 3184; x_wconf 83' lang='lat' dir='ltr'>vagatur.</span> <span class='ocrx_word' id='word_1_249' title='bbox 1065 3107 1191 3166; x_wconf 89' lang='lat' dir='ltr'>Latendi</span> <span class='ocrx_word' id='word_1_250' title='bbox 1208 3108 1286 3168; x_wconf 89' lang='lat' dir='ltr'>enim</span> 
     </span>
     <span class='ocr_line' id='line_1_28' title="bbox 182 3207 1287 3288; baseline 0 -22"><span class='ocrx_word' id='word_1_251' title='bbox 182 3227 317 3268; x_wconf 88' lang='lat' dir='ltr'>caussam</span> <span class='ocrx_word' id='word_1_252' title='bbox 336 3211 365 3288; x_wconf 93' lang='lat' dir='ltr'>l)</span> <span class='ocrx_word' id='word_1_253' title='bbox 381 3209 412 3268; x_wconf 91' lang='lat' dir='ltr'>in</span> <span class='ocrx_word' id='word_1_254' title='bbox 429 3217 509 3268; x_wconf 90' lang='lat' dir='ltr'>metu</span> <span class='ocrx_word' id='word_1_255' title='bbox 525 3209 654 3268; x_wconf 86' lang='lat' dir='ltr'>hostiurn</span> <span class='ocrx_word' id='word_1_256' title='bbox 671 3217 835 3284; x_wconf 90' lang='lat' dir='ltr'>posueruut</span> <span class='ocrx_word' id='word_1_257' title='bbox 850 3207 964 3280; x_wconf 78' lang='lat' dir='ltr'>Durus,</span> <span class='ocrx_word' id='word_1_258' title='bbox 983 3208 1098 3280; x_wconf 79' lang='lat' dir='ltr'>Taum,</span> <span class='ocrx_word' id='word_1_259' title='bbox 1117 3207 1287 3283; x_wconf 79' lang='lat' dir='ltr'>Hortum,</span> 
     </span>
     <span class='ocr_line' id='line_1_29' title="bbox 181 3297 1287 3387; baseline 0.003 -21"><span class='ocrx_word' id='word_1_260' title='bbox 181 3309 212 3366; x_wconf 92' lang='lat' dir='ltr'>id</span> <span class='ocrx_word' id='word_1_261' title='bbox 229 3309 309 3386; x_wconf 90' lang='lat' dir='ltr'>quod</span> <span class='ocrx_word' id='word_1_262' title='bbox 326 3317 440 3387; x_wconf 85' lang='lat' dir='ltr'>pugnat</span> <span class='ocrx_word' id='word_1_263' title='bbox 456 3327 522 3369; x_wconf 92' lang='lat' dir='ltr'>cum</span> <span class='ocrx_word' id='word_1_264' title='bbox 539 3330 567 3368; x_wconf 89' lang='lat' dir='ltr'>v.</span> <span class='ocrx_word' id='word_1_265' title='bbox 586 3324 703 3380; x_wconf 58' lang='lat' dir='ltr'>aunuum</span> <span class='ocrx_word' id='word_1_266' title='bbox 721 3297 917 3384; x_wconf 71' lang='lat' dir='ltr'>louge&#39;satius</span> <span class='ocrx_word' id='word_1_267' title='bbox 934 3311 965 3387; x_wconf 85' lang='grc'>2)</span> <span class='ocrx_word' id='word_1_268' title='bbox 982 3308 1097 3382; x_wconf 67' lang='lat' dir='ltr'>Buram,</span> <span class='ocrx_word' id='word_1_269' title='bbox 1112 3307 1212 3367; x_wconf 74' lang='lat' dir='ltr'>Urina.</span> <span class='ocrx_word' id='word_1_270' title='bbox 1227 3329 1287 3369; x_wconf 92' lang='lat' dir='ltr'>sec.</span> 
     </span>
     <span class='ocr_line' id='line_1_30' title="bbox 182 3408 1289 3487; baseline 0 -18"><span class='ocrx_word' id='word_1_271' title='bbox 182 3408 268 3469; x_wconf 88' lang='lat' dir='ltr'>Cant.</span> <span class='ocrx_word' id='word_1_272' title='bbox 282 3410 314 3484; x_wconf 93' lang='lat' dir='ltr'>I,</span> <span class='ocrx_word' id='word_1_273' title='bbox 332 3415 348 3467; x_wconf 83' lang='grc' dir='ltr'>Ι</span> <span class='ocrx_word' id='word_1_274' title='bbox 366 3409 473 3487; x_wconf 86' lang='lat' dir='ltr'>capitis</span> <span class='ocrx_word' id='word_1_275' title='bbox 489 3409 719 3480; x_wconf 87' lang='lat' dir='ltr'>involutionem,</span> <span class='ocrx_word' id='word_1_276' title='bbox 738 3409 844 3468; x_wconf 88' lang='lat' dir='ltr'>summi</span> <span class='ocrx_word' id='word_1_277' title='bbox 860 3409 983 3486; x_wconf 89' lang='lat' dir='ltr'>pudoris</span> <span class='ocrx_word' id='word_1_278' title='bbox 1003 3410 1120 3487; x_wconf 81' lang='lat' dir='ltr'>signum</span> <span class='ocrx_word' id='word_1_279' title='bbox 1131 3409 1289 3469; x_wconf 84' lang='lat' dir='ltr'>intellexe-</span> 
     </span>
     <span class='ocr_line' id='line_1_31' title="bbox 180 3508 1290 3587; baseline 0.002 -19"><span class='ocrx_word' id='word_1_280' title='bbox 180 3521 251 3570; x_wconf 87' lang='lat' dir='ltr'>runt</span> <span class='ocrx_word' id='word_1_281' title='bbox 275 3511 327 3569; x_wconf 87' lang='lat' dir='ltr'>cfr.</span> <span class='ocrx_word' id='word_1_282' title='bbox 351 3511 508 3569; x_wconf 81' lang='lat' dir='ltr'>Hnucsru.</span> <span class='ocrx_word' id='word_1_283' title='bbox 533 3529 560 3568; x_wconf 91' lang='lat' dir='ltr'>a.</span> <span class='ocrx_word' id='word_1_284' title='bbox 578 3510 607 3568; x_wconf 89' lang='lat' dir='ltr'>h.</span> <span class='ocrx_word' id='word_1_285' title='bbox 626 3511 662 3582; x_wconf 88' lang='lat' dir='ltr'>l.;</span> <span class='ocrx_word' id='word_1_286' title='bbox 690 3508 728 3568; x_wconf 88' lang='lat' dir='ltr'>ad</span> <span class='ocrx_word' id='word_1_287' title='bbox 752 3529 838 3587; x_wconf 90' lang='lat' dir='ltr'>quem</span> <span class='ocrx_word' id='word_1_288' title='bbox 864 3510 927 3568; x_wconf 85' lang='lat' dir='ltr'>iere</span> <span class='ocrx_word' id='word_1_289' title='bbox 949 3529 1067 3570; x_wconf 90' lang='lat' dir='ltr'>sensum</span> <span class='ocrx_word' id='word_1_290' title='bbox 1090 3521 1290 3586; x_wconf 88' lang='lat' dir='ltr'>pervenerunt</span> 
     </span>
     <span class='ocr_line' id='line_1_32' title="bbox 181 3599 1289 3692; baseline 0.002 -24"><span class='ocrx_word' id='word_1_291' title='bbox 181 3611 271 3668; x_wconf 90' lang='lat' dir='ltr'>LXX</span> <span class='ocrx_word' id='word_1_292' title='bbox 289 3599 565 3692; x_wconf 78' lang='grc' dir='ltr'>ὖπερεωραμένη,</span> <span class='ocrx_word' id='word_1_293' title='bbox 589 3610 724 3668; x_wconf 82' lang='lat' dir='ltr'>Hrunou.</span> <span class='ocrx_word' id='word_1_294' title='bbox 742 3609 800 3670; x_wconf 89' lang='lat' dir='ltr'>eris</span> <span class='ocrx_word' id='word_1_295' title='bbox 817 3611 973 3686; x_wconf 86' lang='lat' dir='ltr'>despecta,</span> <span class='ocrx_word' id='word_1_296' title='bbox 992 3599 1112 3682; x_wconf 80' lang='lat' dir='ltr'>Maon.;</span> <span class='ocrx_word' id='word_1_297' title='bbox 1134 3619 1233 3669; x_wconf 89' lang='lat' dir='ltr'>tamen</span> <span class='ocrx_word' id='word_1_298' title='bbox 1258 3621 1289 3670; x_wconf 92' lang='lat' dir='ltr'>et</span> 
     </span>
     <span class='ocr_line' id='line_1_33' title="bbox 180 3710 1286 3785; baseline -0.001 -15"><span class='ocrx_word' id='word_1_299' title='bbox 180 3710 264 3770; x_wconf 87' lang='lat' dir='ltr'>verbi</span> <span class='ocrx_word' id='word_1_300' title='bbox 282 3710 365 3768; x_wconf 94' lang='lat' dir='ltr'>notio</span> <span class='ocrx_word' id='word_1_301' title='bbox 383 3719 413 3769; x_wconf 90' lang='lat' dir='ltr'>et</span> <span class='ocrx_word' id='word_1_302' title='bbox 430 3729 525 3769; x_wconf 86' lang='lat' dir='ltr'>nexus</span> <span class='ocrx_word' id='word_1_303' title='bbox 543 3711 753 3771; x_wconf 87' lang='lat' dir='ltr'>sententiarum</span> <span class='ocrx_word' id='word_1_304' title='bbox 776 3719 806 3768; x_wconf 90' lang='lat' dir='ltr'>et</span> <span class='ocrx_word' id='word_1_305' title='bbox 824 3710 960 3770; x_wconf 89' lang='lat' dir='ltr'>Obadiae</span> <span class='ocrx_word' id='word_1_306' title='bbox 978 3710 1100 3785; x_wconf 90' lang='lat' dir='ltr'>insuper</span> <span class='ocrx_word' id='word_1_307' title='bbox 1122 3711 1286 3770; x_wconf 90' lang='lat' dir='ltr'>similitudo</span> 
     </span>
     <span class='ocr_line' id='line_1_34' title="bbox 179 3809 1285 3889; baseline 0.001 -21"><span class='ocrx_word' id='word_1_308' title='bbox 179 3820 312 3870; x_wconf 89' lang='lat' dir='ltr'>nostram</span> <span class='ocrx_word' id='word_1_309' title='bbox 331 3811 454 3869; x_wconf 89' lang='lat' dir='ltr'>suadere</span> <span class='ocrx_word' id='word_1_310' title='bbox 470 3810 743 3886; x_wconf 87' lang='lat' dir='ltr'>interpretationem</span> <span class='ocrx_word' id='word_1_311' title='bbox 762 3810 904 3869; x_wconf 85' lang='lat' dir='ltr'>videntur.</span> <span class='ocrx_word' id='word_1_312' title='bbox 939 3812 970 3889; x_wconf 89' lang='lat'>3)</span> <span class='ocrx_word' id='word_1_313' title='bbox 988 3809 1184 3887; x_wconf 71' lang='lat' dir='ltr'>singulariter</span> <span class='ocrx_word' id='word_1_314' title='bbox 1200 3812 1285 3885; x_wconf 65' lang='lat' dir='ltr'>ua,</span> 
     </span>
     <span class='ocr_line' id='line_1_35' title="bbox 179 3911 1288 3988; baseline 0.004 -18"><span class='ocrx_word' id='word_1_315' title='bbox 179 3911 271 3972; x_wconf 87' lang='lat' dir='ltr'>Hruz.</span> <span class='ocrx_word' id='word_1_316' title='bbox 298 3911 452 3988; x_wconf 86' lang='lat' dir='ltr'>caliginem</span> <span class='ocrx_word' id='word_1_317' title='bbox 477 3912 570 3971; x_wconf 88' lang='lat' dir='ltr'>oculis</span> <span class='ocrx_word' id='word_1_318' title='bbox 595 3913 722 3971; x_wconf 87' lang='lat' dir='ltr'>offusam</span> <span class='ocrx_word' id='word_1_319' title='bbox 745 3912 914 3987; x_wconf 82' lang='lat' dir='ltr'>proferuut3</span> <span class='ocrx_word' id='word_1_320' title='bbox 946 3911 1095 3970; x_wconf 82' lang='lat' dir='ltr'>Hruz1o10</span> <span class='ocrx_word' id='word_1_321' title='bbox 1121 3911 1198 3969; x_wconf 91' lang='lat' dir='ltr'>enim</span> <span class='ocrx_word' id='word_1_322' title='bbox 1221 3928 1288 3987; x_wconf 70' lang='lat' dir='ltr'>nur&gt;</span> 
     </span>
     <span class='ocr_line' id='line_1_36' title="bbox 179 4006 862 4090; baseline -0.003 -20"><span class='ocrx_word' id='word_1_323' title='bbox 179 4012 289 4071; x_wconf 91' lang='lat' dir='ltr'>Thren.</span> <span class='ocrx_word' id='word_1_324' title='bbox 308 4013 354 4085; x_wconf 93' lang='lat' dir='ltr'>II,</span> <span class='ocrx_word' id='word_1_325' title='bbox 374 4015 405 4069; x_wconf 84' lang='grc'>19</span> <span class='ocrx_word' id='word_1_326' title='bbox 423 4021 468 4071; x_wconf 89' lang='lat' dir='ltr'>est</span> <span class='ocrx_word' id='word_1_327' title='bbox 484 4007 601 4088; x_wconf 54' lang='grc' dir='ltr'>εηὸν,</span> <span class='ocrx_word' id='word_1_328' title='bbox 619 4013 709 4090; x_wconf 92' lang='lat' dir='ltr'>idque</span> <span class='ocrx_word' id='word_1_329' title='bbox 725 4006 862 4074; x_wconf 59' lang='lat'>:05911</span> 
     </span>
    </p>
   </div>
   <div class='ocr_carea' id='block_1_4' title="bbox 179 4138 379 4148">
    <p class='ocr_par' dir='ltr' id='par_1_4' title="bbox 179 4138 379 4148">
     <span class='ocr_line' id='line_1_37' title="bbox 179 4138 379 4148; baseline 0 0"><span class='ocrx_word' id='word_1_330' title='bbox 179 4138 379 4148; x_wconf 72' lang='lat'><strong>——-—-——-</strong></span> 
     </span>
    </p>
   </div>
   <div class='ocr_carea' id='block_1_5' title="bbox 230 4237 1289 4304">
    <p class='ocr_par' dir='ltr' id='par_1_5' title="bbox 230 4237 1289 4304">
     <span class='ocr_line' id='line_1_38' title="bbox 230 4237 1289 4304; baseline 0 -18"><span class='ocrx_word' id='word_1_331' title='bbox 230 4239 254 4298; x_wconf 89' lang='grc'>1)</span> <span class='ocrx_word' id='word_1_332' title='bbox 274 4238 363 4291; x_wconf 83' lang='lat' dir='ltr'>Guuvu</span> <span class='ocrx_word' id='word_1_333' title='bbox 386 4247 411 4289; x_wconf 89' lang='lat' dir='ltr'>et</span> <span class='ocrx_word' id='word_1_334' title='bbox 428 4239 559 4290; x_wconf 80' lang='lat' dir='ltr'>Kuuuuuu.</span> <span class='ocrx_word' id='word_1_335' title='bbox 584 4255 629 4304; x_wconf 90' lang='lat' dir='ltr'>pro</span> <span class='ocrx_word' id='word_1_336' title='bbox 653 4253 723 4288; x_wconf 89' lang='lat' dir='ltr'>more</span> <span class='ocrx_word' id='word_1_337' title='bbox 747 4253 793 4287; x_wconf 89' lang='lat' dir='ltr'>suo</span> <span class='ocrx_word' id='word_1_338' title='bbox 817 4238 850 4288; x_wconf 89' lang='lat' dir='ltr'>ad</span> <span class='ocrx_word' id='word_1_339' title='bbox 869 4239 970 4288; x_wconf 84' lang='lat' dir='ltr'>Arabes</span> <span class='ocrx_word' id='word_1_340' title='bbox 992 4237 1156 4302; x_wconf 76' lang='lat' dir='ltr'>confugiunt,</span> <span class='ocrx_word' id='word_1_341' title='bbox 1179 4243 1205 4286; x_wconf 83' lang='lat' dir='ltr'>et</span> <span class='ocrx_word' id='word_1_342' title='bbox 1229 4251 1289 4286; x_wconf 87' lang='lat' dir='ltr'>oum</span> 
     </span>
    </p>
   </div>
   <div class='ocr_carea' id='block_1_6' title="bbox 0 0 1483 4784">
    <p class='ocr_par' dir='ltr' id='par_1_6' title="bbox 0 0 1483 4784">
     <span class='ocr_line' id='line_1_39' title="bbox 0 0 1483 4784; baseline 0 0"><span class='ocrx_word' id='word_1_343' title='bbox 0 0 1483 4784; x_wconf 95' lang='lat' dir='ltr'> </span> 
     </span>
    </p>
   </div>
  </div>
 </body>
</html>
