2954 4808
524 173 549 247 q.
569 175 594 230 l.
618 170 668 230 Da
685 187 801 230 muoau
819 187 975 230 varicum.
1221 191 1294 232 axxr

191 365 387 434 posteaquam
410 356 555 432 insignem
579 356 639 414 stili
661 354 769 432 poetioi
792 317 1046 414 etsublimitalem
1064 365 1247 416 stornatum
1266 368 1295 416 et

192 477 337 517 summam
355 456 460 529 etiam,
479 457 603 534 quaein
620 458 722 516 oeulos
738 454 878 528 incurrit,
902 456 1039 516 dictionis
1055 457 1212 532 puritatem
1231 459 1294 518 lan·
1393 474 1397 482 ·

192 558 290 630 davit,
315 557 392 630 „etsi
410 558 560 630 Iesaiae,“
585 557 695 635 iuquit,
719 575 800 630 „non
824 557 911 632 plane
933 577 1028 634 neque
1051 559 1088 630 ab
1112 559 1192 616 omni
1208 568 1294 634 parte

192 659 341 736 aequalis,
369 659 436 718 huie
454 666 550 717 tamen
563 637 646 734 xipsi,
671 679 729 716 non
748 659 845 717 dinam
861 658 892 716 in
909 659 955 718 bis
973 658 1131 718 virtutibus
1148 660 1293 736 aequalis,

193 761 244 820 sed
262 769 342 818 eerto
361 779 420 818 uon
439 759 531 817 multo
549 760 671 817 inferior
688 779 752 818 esse
770 759 916 818 videtur.“
1281 749 1284 756 ’

243 861 403 919 Fervidum
420 861 477 918 boo
494 868 584 938 atque
600 860 718 937 igneum
737 861 813 919 vatis
837 860 986 935 ingenium
1008 860 1139 918 maxime
1161 859 1292 916 omnium

193 961 346 1038 perspexit
362 961 556 1020 Unaasrrrus
574 967 664 1039 atque
681 961 799 1021 disertis
817 961 914 1018 verbis
940 959 1105 1036 descripsit.
1131 961 1188 1018 Est
1214 960 1292 1018 enim

191 1064 295 1139 ingens
313 1061 444 1119 Nabumi
468 1062 513 1120 vis
537 1071 566 1120 et
583 1063 668 1138 vigor
690 1063 721 1120 in
745 1062 884 1132 dieend03
911 1080 1006 1137 neque
1028 1061 1154 1136 intelligi
1177 1069 1291 1136 potest,

192 1163 264 1240 quid
287 1161 376 1220 fuerit
393 1163 473 1240 quod
490 1163 646 1222 Ewlunus
663 1163 716 1240 (ob
742 1171 868 1222 aetatem
886 1161 1012 1220 forsitan
1036 1162 1113 1220 vatis
1137 1179 1292 1237 perperam

192 1263 356 1340 definitam)
372 1263 416 1322 ita
431 1263 622 1322 iudicaverit:
647 1285 737 1337 „man
760 1264 852 1322 findet
874 1263 922 1320 bei
946 1262 1054 1320 diesem
1074 1262 1164 1320 sehon
1183 1281 1220 1320 zu
1237 1262 1293 1320 den

192 1371 328 1440 sptitereu
347 1364 534 1441 gelrdrenden
549 1365 720 1440 Propheten
743 1365 823 1422 nieht
846 1363 929 1422 mehr
951 1381 985 1420 so
1005 1363 1062 1420 viel
1084 1363 1186 1420 iuuere
1203 1361 1294 1420 Kraft

191 1467 252 1522 und
274 1465 354 1522 reine
379 1463 635 1537 Gedankenfdlle3
663 1465 801 1524 manuhes
818 1463 993 1522 wiederholt
1015 1463 1077 1522 sioh
1099 1463 1163 1520 hier
1186 1463 1293 1520 bereits

191 1579 246 1624 aus
260 1565 372 1623 liltoren
386 1567 627 1642 Ausspriiohen.“
646 1567 746 1624 Habet
763 1573 862 1624 autem
877 1564 992 1622 dicendi
1010 1581 1118 1639 genus,
1137 1563 1205 1621 lieet
1219 1563 1293 1622 satis

191 1668 310 1742 elegans
327 1667 384 1739 sit,
403 1674 552 1726 austerum
571 1668 685 1744 aliquid
702 1675 792 1742 atque
809 1684 957 1736 severum,
980 1683 1034 1722 nee
1050 1664 1164 1740 puritas
1182 1663 1293 1721 oratio·

192 1768 238 1826 nis
257 1775 286 1825 et
302 1767 432 1826 brevitas
455 1767 637 1840 laesissem,
664 1787 753 1846 quam
776 1768 868 1838 aiunt,
893 1765 1070 1840 scriptorum
1087 1763 1291 1822 Hebraeorum

191 1876 317 1926 aetatem
341 1867 439 1926 minus
465 1868 525 1926 olet
547 1889 636 1945 qnam
660 1869 787 1945 genuina
805 1866 1015 1926 sententiarum
1037 1863 1155 1941 ipsique
1171 1865 1293 1940 proprie

192 1969 285 2041 ratio,
310 1987 402 2045 quae,
426 1969 495 2027 lieet
519 1970 644 2028 aliorum
669 1970 814 2028 interdum
833 1968 998 2026 referantur
1015 1966 1181 2036 enuntiata,
1205 1966 1294 2039 longe

192 2070 310 2128 diversa
328 2077 373 2127 est
389 2071 427 2127 ab
446 2087 548 2127 eorum
565 2070 665 2142 libris,
690 2071 740 2148 qui
758 2068 899 2127 Ieremias
923 2067 1001 2125 vatis
1026 2073 1123 2123 aetate
1141 2064 1292 2122 vaticinati

193 2177 270 2228 sunt.
297 2167 377 2228 Satis
395 2169 500 2228 deinde
518 2180 625 2229 ornata
641 2179 767 2246 apparet
784 2169 880 2227 oratio
895 2163 1136 2227 similitudinibus
1155 2165 1295 2222 audacter

193 2271 351 2342 institutis,
384 2271 473 2328 modo
502 2272 623 2330 brevius
652 2270 834 2346 indigitatis‚
864 2267 953 2326 modo
979 2257 1074 2326 fusius
1103 2264 1293 2340 explicatis¹3

193 2390 253 2448 quo
271 2371 347 2428 adde
365 2370 524 2431 sententias
542 2374 695 2448 praeclara
707 2370 909 2431 vicissitudine
921 2370 999 2426 inter
1016 2386 1048 2426 se
1059 2366 1191 2424 variatas
1204 2373 1294 2442 atque

193 2471 363 2548 oppositas,
385 2472 536 2531 nominum
553 2489 691 2532 numeros
709 2482 738 2531 et
754 2489 862 2550 genere
879 2470 1013 2529 celeriter
1025 2485 1173 2543 saepeque
1190 2465 1294 2522 immn-

194 2581 272 2643 tata3
290 2581 407 2649 praeter
424 2581 521 2632 cetera
538 2583 636 2632 antem
653 2573 772 2650 egregia
788 2570 1062 2648 paranomasiarum
1086 2575 1115 2625 et
1138 2567 1293 2626 verborum

192 2675 269 2732 iuter
287 2693 319 2732 sa
335 2675 538 2733 assonantium
557 2673 662 2751 eopia-²
678 2673 886 2749 distinguitur,
910 2687 962 2729 neo
980 2687 1040 2727 non
1057 2684 1162 2728 voeum
1180 2667 1295 2726 sonitus

193 2775 233 2833 ad
251 2775 460 2834 sententiarum
477 2784 612 2834 naturam
629 2777 708 2834 haud
725 2793 794 2832 raro
817 2774 938 2832 mirifice
960 2770 1094 2846 expressi
1113 2776 1249 2826 ornatum
1266 2775 1296 2823 et

193 2883 375 2934 venustatem
401 2876 538 2936 dictionis
561 2877 749 2952 amplificant.
775 2909 809 2918 —
834 2874 911 2932 Turn
936 2890 1007 2930 vero
1036 2887 1096 2926 non
1126 2868 1295 2925 universum

195 2977 291 3036 solum
309 2976 481 3034 vaticinium
499 2995 553 3036 suo
572 2974 675 3034 ordine
692 2977 785 3052 probe
803 2973 979 3049 dispositum
997 2979 1058 3041 est,
1077 2985 1179 3025 verum
1197 2967 1295 3041 singn-

193 3077 241 3134 lae
271 3077 359 3134 etiam
391 3079 535 3136 orationis
562 3086 663 3153 partes
694 3076 853 3135 seeundum
881 3070 1091 3132 sententiarum
1115 3067 1243 3124 indolem
1268 3073 1297 3122 et

194 3178 367 3236 varietatem
391 3178 538 3237 subtiliter
562 3197 657 3254 paene
684 3186 773 3253 atque
798 3174 955 3234 artificiose
978 3169 1107 3227 numeris
1131 3165 1297 3242 descriptae

196 3272 386 3348 exhibentur3
404 3298 463 3355 quo
481 3280 512 3336 in
529 3297 637 3354 genere
654 3277 742 3353 primi
759 3275 948 3352 potissimum
965 3271 1071 3346 eapitis
1088 3269 1204 3346 priores
1222 3267 1297 3325 duae

195 3385 296 3454 partes
313 3380 461 3454 egregium
479 3380 622 3456 praebent
639 3377 815 3454 exemplum.
843 3375 978 3452 Utraque
996 3369 1073 3430 euim
1092 3371 1297 3449 quinquevar-

248 3625 273 3686 1)
289 3625 341 3674 Cir.
359 3624 399 3685 ll,
417 3639 441 3673 v.
461 3627 500 3674 12.
521 3627 561 3674 13.
579 3624 635 3686 ΙΙΙ,
654 3639 677 3673 v.
697 3623 815 3675 15-17.

247 3709 413 3773 a)cfr.1‚3
436 3705 565 3763 aarum
588 3715 700 3772 aarum
730 3709 759 3758 62
787 3711 861 3763 asni
883 3709 995 3759 nmium
1016 3743 1044 3754 -
1066 3705 1298 3760 :variatumque

196 3796 537 3854 v·10mtmmo··ivm;
555 3792 625 3854 11,2
656 3799 760 3844 natam
789 3793 876 3849 atam
901 3788 960 3837 v.3
987 3791 1082 3851 nappe
1110 3787 1224 3848 ntpp23
1254 3777 1298 3826 etr.

197 3880 275 3928 etiam
292 3877 378 3926 Issam
393 3879 564 3941 praestantius
587 3875 650 3926 illud
690 3865 809 3943 npbnni
843 3878 960 3939 uptam
998 3875 1076 3934 ripa:
1113 3861 1298 3924 v.11;111‚a

198 3968 302 4027 1¹¹7wa
325 3968 430 4012 rmum
449 3963 491 4010 all.
526 3963 594 4012 Huic
611 3961 712 4012 dicendi
730 3957 832 4008 ometui
850 3971 865 4004 e
882 3953 1002 4004 Nabumo
1021 3951 1128 4013 aliisque
1150 3947 1222 3996 libris
1247 3961 1299 3996 non

198 4049 279 4096 solnm
298 4046 471 4107 conquirendo
489 4061 576 4096 vemm
595 4045 745 4110 germanicis
764 4043 841 4092 etiam
861 4039 960 4099 verbis,
983 4043 1105 4100 qnantum
1127 4033 1183 4082 fieri
1204 4039 1299 4098 posset,

199 4129 329 4180 reddendo
352 4143 457 4194 operam
474 4131 627 4194 permultam
646 4130 750 4180 navavit
767 4128 952 4177 Hortensius
970 4125 997 4173 in
1015 4137 1105 4172 comm.
1121 4129 1146 4172 et
1160 4120 1300 4186 praemissa

197 4216 365 4279 praefatione.
