2954 4784
182 169 252 238 130
571 168 643 227 Cn.
656 167 715 240 111,
734 185 762 226 v.
779 173 888 228 14-19.

180 365 294 428 menta,
322 356 413 431 longa
441 351 606 414 seculorum
630 360 813 428 praeteracta
842 352 931 422 serie,
963 361 1151 412 accusatores
1179 373 1279 414 eorum

179 465 364 534 emergente
380 454 503 532 pulvere
520 463 549 512 et
566 453 803 528 comprobandae
820 451 903 510 verbi
918 451 1012 512 divini
1029 453 1163 514 veritatis
1180 463 1278 514 testes.

181 557 281 630 „Nam
298 575 405 616 saxum
422 575 438 613 e
456 573 540 612 muro
563 553 773 626 conclamabit,
797 561 826 610 et
850 552 963 628 tignum
986 571 1002 610 e
1025 553 1159 614 tabulato
1183 555 1211 614 ei
1235 577 1280 614 re-

180 657 368 736 spondebit.“
384 655 505 714 Habak.
523 655 569 720 ΙΙ,
589 659 629 712 ll.

231 759 316 832 Quae
332 775 398 814 cum
414 756 457 812 ita
474 755 550 826 sint,
570 755 658 812 finem
675 753 806 812 vaticinii
830 752 925 810 redire
942 753 981 811 ad
997 753 1112 812 initium
1135 754 1279 826 videmus,

181 879 247 918 cum
269 856 413 916 atrocium
442 864 628 931 peccatorum
651 853 808 912 multitudo
836 852 968 912 divinam
998 853 1111 930 flagitet
1139 854 1278 913 ultionem

181 961 226 1035 (1,
246 963 270 1017 l.
288 959 339 1034 2.).
365 955 471 1031 Neque
488 973 559 1013 vero
577 972 677 1012 eorum
694 935 901 1029 proponuntur
917 952 1030 1029 flagitia
1047 965 1077 1011 et
1100 955 1280 1030 praedicitur

181 1057 327 1129 vindicta,
358 1057 410 1134 qui
434 1055 548 1132 aliquot
571 1054 774 1114 tantummodo
798 1061 899 1129 gentes
924 1072 980 1112 sua
1002 1055 1175 1114 vexaverint
1191 1057 1279 1130 perfi-

182 1159 232 1216 dia
256 1166 346 1233 atque
368 1155 516 1233 nequitia:
546 1154 597 1213 sed
620 1173 736 1226 eornm,
767 1153 819 1230 qui
841 1171 984 1212 summam
1008 1161 1127 1212 teneant
1149 1155 1278 1214 omnium

182 1257 344 1333 potentiam
372 1265 401 1315 et
431 1256 597 1314 universum
622 1265 765 1312 terrarum
790 1254 892 1312 orbem
914 1252 959 1330 (h
978 1249 1004 1316 'h
1025 1269 1058 1312 uo
1073 1249 1145 1332 ἣν)
1168 1255 1279 1313 tamdiu

183 1357 418 1417 conculcaverint
434 1355 574 1432 pedibus,
599 1363 629 1412 et
646 1373 760 1413 sacram
777 1353 951 1429 praesertim
967 1351 1025 1410 Dei
1042 1361 1159 1429 gentem
1175 1373 1280 1414 excru-

182 1458 338 1528 ciaverint3
365 1476 441 1534 quae
457 1456 525 1514 licet
541 1456 630 1530 longe
647 1455 799 1530 graviores
815 1471 927 1529 poenas
944 1451 1006 1512 suis
1023 1455 1162 1512 meruerit
1176 1473 1279 1530 pecca·

183 1559 240 1630 tis,
258 1559 401 1616 immensa
426 1566 522 1616 tamen
545 1555 669 1612 Domini
691 1554 845 1614 clementia
872 1561 901 1612 et
917 1552 1133 1626 misericordia,
1162 1563 1280 1630 postea·

182 1679 271 1736 quam
288 1656 472 1733 aliquamdiu
487 1654 653 1730 vapulavit,
680 1673 699 1712 a
715 1655 793 1712 tristi
809 1654 928 1712 illorum
945 1653 1016 1729 iugo
1033 1659 1063 1712 et
1080 1653 1280 1712 dominatione

167 1746 302 1817 'iamiam
318 1755 501 1816 liberabitur.
528 1754 628 1829 Quare
647 1755 736 1831 longe
758 1753 854 1830 magis
876 1747 1062 1830 magnificum
1078 1753 1209 1812 Nabumi
1226 1773 1280 1812 noa
1365 1759 1376 1782 ¹

182 1877 248 1916 men
266 1865 399 1916 extrema
415 1857 522 1914 haecce
536 1863 679 1913 revocant
694 1854 799 1927 verba,
818 1862 848 1912 et
863 1853 1048 1928 praeclaras,
1067 1871 1143 1930 quas
1160 1853 1280 1930 expies-

183 1977 233 2017 sas
250 1958 280 2015 in
298 1976 331 2016 se
346 1956 441 2033 gerit,
464 1954 687 2032 promissiones.
708 1955 884 2012 Extremum
901 1953 992 2030 igitur
1008 1954 1205 2013 enarrationis
1227 1973 1280 2012 no-

182 2069 263 2118 strae
278 2057 407 2134 lapidem
424 2056 576 2133 praeclara
592 2055 748 2132 imponant
763 2055 907 2112 hunnum
922 2054 1028 2112 verba:

233 2158 315 2232 „Hic
331 2158 480 2230 videmus,
506 2175 595 2233 qnam
620 2156 681 2214 sint
703 2155 802 2214 omnia
817 2155 848 2214 in
866 2155 922 2212 hoc
938 2154 1085 2229 propheta
1101 2154 1280 2214 consolatio-

181 2279 252 2318 num
269 2258 458 2342 plcnissima‚
482 2257 589 2334 quibus
606 2255 688 2316 Deus
708 2255 847 2331 Optimus
865 2254 1014 2316 Maximus
1039 2272 1109 2314 suos
1127 2255 1194 2331 pios
1212 2274 1280 2314 con·

182 2370 229 2418 tra
246 2359 306 2418 vim
324 2367 353 2417 et
369 2358 510 2417 insultum
527 2356 656 2415 hostiurn
673 2356 852 2436 consolatur.
879 2354 964 2429 Quae
986 2355 1203 2416 consolationes
1226 2375 1281 2415 uos

182 2478 284 2518 omnes
303 2459 392 2517 etiam
409 2458 539 2515 animare
556 2457 662 2516 debent
679 2457 708 2513 in
727 2474 902 2532 quacunque
918 2454 1110 2528 necessitate,
1134 2464 1168 2514 ut
1191 2457 1281 2514 conli-

183 2560 286 2617 damus
304 2559 516 2633 credamusque
531 2557 634 2631 plane,
653 2575 712 2614 non
728 2555 939 2632 permissurum
952 2555 1129 2626 Dominum,
1146 2559 1180 2613 rit
1196 2573 1281 2632 prae-

182 2660 301 2718 valeant
322 2665 426 2716 contra
446 2675 502 2716 nos
526 2656 689 2716 adversarii
712 2657 794 2715 verbi
810 2655 878 2715 Dei.
904 2654 986 2719 Sicut
1009 2656 1086 2714 enim
1102 2657 1281 2733 promiserat

180 2759 273 2818 Iudae
295 2757 517 2830 liberationem,
544 2765 572 2814 et
593 2775 715 2834 regnum
740 2757 870 2828 salvum,
894 2775 932 2814 ex
956 2775 1016 2832 quo
1033 2756 1200 2820 nasciturus
1216 2765 1281 2816 erat

182 2859 333 2932 Christus,
359 2867 388 2917 et
410 2857 567 2934 promissis
589 2858 687 2930 stetit,
710 2857 781 2917 iecit
797 2857 933 2918 omnibus
949 2857 1085 2916 hostibus
1101 2858 1280 2933 superiores,

180 2961 212 3018 id
237 2959 318 3037 quod
340 2959 389 3018 hie
414 2959 599 3035 apertissime
623 2959 654 3016 in
679 2969 740 3016 tam
763 2956 969 3034 potentissimo
995 2965 1025 3016 et
1055 2957 1280 3032 opulentissimo

180 3079 273 3138 regno
290 3059 484 3136 Assyriorum
502 3058 652 3118 exhibuit:
675 3058 719 3118 ita
736 3077 797 3116 non
813 3057 979 3116 dubitemus
997 3057 1085 3116 etiam
1103 3057 1189 3118 nobis
1205 3058 1281 3118 affu-

183 3170 279 3218 turum
302 3160 332 3216 in
357 3159 437 3216 omni
455 3160 643 3232 necessitate,
662 3159 725 3219 sive
742 3157 891 3233 corporali
908 3158 972 3215 sive
990 3158 1147 3233 spirituali.
1183 3156 1281 3236 Siqui-

181 3261 245 3318 dem
263 3278 339 3317 unus
362 3268 407 3317 est
430 3259 526 3318 adhuc
542 3258 641 3332 Dens,
666 3259 716 3337 qui
737 3257 862 3316 redemit
885 3257 1005 3329 Iudam,
1032 3258 1084 3334 qui
1105 3259 1195 3330 dixit,
1222 3278 1297 3317 non

181 3378 315 3418 casurum
334 3359 472 3435 capillum
491 3359 526 3416 de
544 3359 640 3434 capite
657 3368 761 3418 nostro
780 3359 844 3417 sine
861 3359 1014 3416 voluntate
1032 3362 1118 3416 sua.“
