2954 4784
623 213 695 274 Ore.
710 215 756 286 11,
775 235 802 274 v.
820 221 859 273 11.

689 470 718 508 v.
738 455 779 508 11.

238 603 373 662 Vocuttoe
391 611 417 658 et
434 603 579 658 eoocuotr'o
594 609 621 678 et
637 603 808 668 erinonttr'o5
826 602 970 658 etoutmus
983 601 1162 676 liquefactus,
1180 609 1207 656 et
1220 605 1286 658 titu-

182 705 259 762 batio
275 711 407 778 pecuum,
426 711 452 758 et
469 703 577 759 dolores
588 695 810 776 parturientium
828 704 858 782 io
875 701 998 758 omnibue
1014 702 1131 769 loomim
1157 711 1184 758 et
1193 703 1287 775 socies

182 809 304 862 omarum
322 821 416 861 eorum
434 805 592 877 corripiunt
608 802 744 859 ruborem.
768 801 935 860 Praeclaris
958 803 1071 875 verbis,
1094 802 1161 878 ipso
1185 821 1287 860 eorum

182 906 272 963 etiam
302 904 402 963 sonitu
432 903 608 975 adiuvante,
645 902 794 979 quomodo
825 903 894 961 urbs
911 903 1001 977 plane
1031 898 1158 961 exuatur
1181 911 1211 961 et
1234 923 1286 960 ex-

182 1005 323 1076 cutiatur,
349 1004 447 1080 primo
465 1021 568 1062 versus
586 1004 718 1061 membro
735 1002 884 1078 pingitur3
911 1002 992 1076 dein,
1017 1001 1088 1081 quid
1111 1004 1180 1061 victi
1196 1003 1286 1061 inter·

181 1107 252 1164 dum
271 1105 423 1182 patiantur
440 1103 556 1176 miseri,
582 1103 737 1162 advivam
764 1103 948 1179 exprimitur.
975 1117 1090 1178 nonam
1113 1115 1192 1178 ripn:
1211 1124 1238 1162 a.
1257 1125 1285 1162 v.

183 1217 239 1282 ,orn
261 1233 294 1258 =
324 1220 403 1282 ,ἱρῆς
426 1201 587 1280 praeterita
610 1223 675 1264 esse
698 1212 847 1282 nequeunt
871 1202 1055 1281 (sponsus),
1081 1202 1151 1280 quia
1168 1223 1287 1264 sensum
1342 1206 1347 1216 '

182 1307 327 1369 referrent
343 1303 546 1378 transitivum
565 1305 626 1364 imo
648 1305 865 1377 nominasent,
884 1305 1002 1363 diversa
1023 1303 1137 1362 ratione
1158 1305 1287 1364 formata

183 1407 409 1484 adaugendam
439 1406 521 1464 verbi
554 1406 722 1479 notionem,
752 1406 805 1464 cfr.
831 1419 954 1468 narrum
979 1419 1051 1464 ursin
1073 1393 1165 1480 Zeph.
1188 1406 1218 1478 Ι,
1245 1410 1285 1478 15,

124 1521 126 1529 ·
184 1520 294 1574 norom
318 1521 392 1567 nisu
414 1505 468 1566 Er.
486 1507 532 1580 11,
552 1512 599 1579 14,
625 1521 709 1572 aruns
732 1519 826 1566 neuen
848 1505 904 1562 les.
922 1505 1048 1577 XXIX,
1066 1509 1092 1562 t.
1130 1506 1177 1564 De
1195 1509 1286 1566 verbo

184 1623 239 1683 pru
258 1607 310 1666 cfr.
329 1627 357 1666 v.
375 1609 402 1665 3.
427 1603 532 1683 uptun
551 1627 622 1695 ay.
642 1602 715 1682 p'm,
739 1607 925 1665 coniunctum
948 1623 1013 1664 cum
1030 1623 1197 1682 synonymo
1224 1622 1286 1682 pp:

183 1709 241 1767 Ios.
255 1707 373 1780 XXIV,
388 1713 418 1780 13
435 1708 533 1766 forma
547 1707 688 1767 Gnsmuo
706 1714 751 1766 est
767 1715 844 1783 part.
865 1703 937 1776 Pu.;
961 1705 1068 1764 rectius
1079 1707 1199 1780 Meum,
1218 1707 1285 1766 Ew.

183 1808 322 1886 paritatis
340 1827 447 1868 caussa
465 1809 683 1869 substantivum
700 1827 765 1868 esse
783 1809 906 1879 docent,
925 1797 1032 1882 quibus
1049 1807 1161 1866 frustra
1178 1823 1286 1884 expro-

183 1912 252 1969 brat
268 1909 431 1981 Hennam,
450 1911 587 1987 exempla
604 1910 666 1968 eius
684 1910 802 1981 deesse,
825 1927 890 1966 cum
908 1907 1095 1966 formationis
1112 1926 1204 1984 genus
1221 1910 1286 1984 ple-

183 2029 253 2068 num
270 2021 427 2087 ratumque
445 2010 492 2069 sit.
535 2005 735 2086 Singularitas
755 2019 853 2068 autem
876 2025 911 2066 eo
935 2026 991 2066 nos
1014 2008 1149 2080 adducit,
1173 2020 1206 2067 ut
1222 2009 1286 2068 Na-

183 2112 273 2168 humo
291 2111 451 2169 obversata
468 2129 533 2170 esse
549 2110 665 2168 Iesaiae
682 2111 774 2168 verba
791 2127 979 2179 ocnseamus,
998 2107 1115 2180 XXIV,
1135 2115 1166 2180 1;
1191 2119 1287 2186 neque

183 2229 255 2270 vero
268 2211 391 2270 'inversa
408 2210 529 2269 concedi
546 2209 623 2269 ratio
637 2218 751 2286 potest,
770 2227 836 2268 cum
855 2207 1002 2266 continuis
1021 2208 1063 2266 ibi
1082 2209 1287 2268 assonantium

183 2313 341 2371 verborum
364 2311 487 2387 paribus
509 2330 670 2370 concussae
693 2331 748 2387 per
769 2308 878 2368 iudicia
903 2308 1003 2367 divina
1025 2317 1121 2367 terrae
1147 2310 1287 2387 pingatur

182 2412 295 2489 fragor,
315 2420 419 2472 nostro
433 2421 531 2471 autem
544 2413 612 2470 1000
626 2411 743 2470 unicum
758 2411 927 2486 exemplum
945 2409 992 2468 sit.
1012 2409 1079 2483 Qua
1092 2412 1123 2468 in
1139 2411 1286 2470 vicissitu-

183 2513 251 2571 dine
268 2512 409 2572 eximinm
426 2513 499 2571 latet
516 2512 685 2572 authentiae
702 2511 888 2572 vexatissimi
904 2511 984 2568 illius
1002 2511 1107 2586 capitis
1128 2513 1286 2571 documen-

182 2623 256 2673 tum.
274 2648 310 2658 -
335 2613 466 2673 Notasse
489 2619 588 2672 autem
611 2613 770 2686 voluerim,
797 2631 857 2670 non
880 2613 978 2670 forma
1008 2612 1110 2674 solum,
1128 2613 1285 2672 verborum

39 2767 47 2779 .
182 2735 285 2774 verum
302 2733 423 2772 numero
441 2715 530 2774 etiam
549 2714 732 2791 syllabarum
749 2713 892 2772 contineri
905 2711 1108 2788 gradationem
1122 2714 1260 2792 (2-3-4).

234 2815 285 2875 Sic
301 2815 467 2891 spoliantur
482 2815 612 2891 palatia,
642 2815 820 2890 diripiuntur
842 2812 988 2883 thesauri3
1013 2813 1084 2889 quid
1101 2822 1201 2872 autern
1217 2817 1287 2872 bea·

183 2926 231 2976 tos
254 2925 354 2974 manet
375 2916 507 2975 incolas?
530 2950 565 2960 —·
593 2915 713 2973 Animus
737 2915 918 2990 liquefactus,
945 2927 1004 2972 oo)
1031 2919 1110 2988 part.
1134 2909 1203 2988 Ni,
1227 2933 1286 2972 non

182 3017 374 3095 praeteritum
397 3025 521 3092 propter
544 3017 698 3092 sequentia
720 3024 750 3074 et
773 3013 992 3084 antecedentia3
1015 3027 1079 3072 oon
1100 3041 1134 3064 =
1160 3032 1215 3076 ran
1234 3015 1286 3074 cfr.

183 3119 215 3190 I,
233 3121 264 3187 5,
287 3117 323 3174 de
340 3135 407 3175 cera
424 3117 531 3176 dicitur
547 3117 598 3175 Ps.
612 3117 765 3189 exvln,
791 3114 994 3175 dementibus
1011 3113 1235 3190 lesXXXIV,
1253 3120 1286 3187 33

184 3218 328 3276 translate
351 3219 387 3277 de
410 3237 543 3276 maerore
566 3226 595 3276 et
617 3219 722 3276 timore
745 3218 806 3276 Ios.
825 3215 899 3288 VII,
923 3218 939 3271 5
967 3227 1027 3278 *uu
1050 3225 1119 3274 ortu.
1138 3211 1195 3278 aa&
1218 3231 1286 3282 oon

185 3313 284 3394 neom
309 3319 362 3377 cir.
381 3317 470 3377 Dent.
488 3319 567 3390 XX,
585 3322 617 3390 83
640 3318 697 3377 Iea.
716 3317 808 3389 XIII,
827 3321 852 3374 7.
870 3315 964 3386 XIX,
985 3317 997 3370 1
1017 3313 1084 3385 all.;
1112 3314 1220 3376 similia
1244 3317 1288 3374 di·
1305 3303 1313 3319 '¹

186 3417 270 3477 cendi
287 3436 396 3494 genera
411 3415 569 3495 proposuit
581 3417 719 3476 neonus
736 3417 814 3476 Bibl.
829 3415 1013 3476 Seelenlehre
1025 3434 1060 3490 p.
1076 3419 1133 3474 101.
1152 3414 1288 3476 Secundo

185 3521 252 3578 loco
278 3520 388 3596 captivi
405 3520 559 3596 patiuntur
598 3533 690 3579 mnu:
714 3533 765 3594 pra
794 3517 1013 3577 vacillationem
1036 3531 1162 3592 genuum
1180 3519 1288 3586 rectius

187 3745 337 3808 contained3
361 3745 473 3810 scarcely
492 3745 630 3810 anything,
655 3759 719 3796 even
738 3746 768 3796 oi
782 3742 1024 3806 bronze,·escaped
1047 3741 1090 3792 the
1113 3743 1221 3804 spoiler,
1244 3744 1289 3792 but

187 3830 220 3880 he
237 3831 433 3894 unconsciously
454 3831 501 3880 leit
517 3831 590 3881 what
611 3833 634 3880 is
652 3831 704 3881 still
721 3843 792 3880 more
809 3827 933 3878 valuable.
968 3827 1021 3876 For
1038 3833 1065 3876 to
1088 3827 1131 3875 the
1154 3827 1245 3890 falling
1261 3827 1288 3876 in

187 3916 218 3964 oi
238 3915 283 3964 the
305 3916 375 3966 roofs
397 3917 428 3965 of
446 3915 490 3966 the
515 3916 656 3980 buildings,
678 3916 712 3979 by
734 3914 775 3964 his
798 3913 893 3976 settiug
913 3912 960 3962 dre
983 3918 1011 3961 to
1037 3912 1080 3960 the
1102 3912 1215 3960 columns
1239 3911 1290 3961 and

187 3998 276 4050 beams
293 3999 350 4048 that
373 4000 510 4064 supported
533 3998 618 4062 thern,
642 4001 694 4050 aud
712 3999 751 4048 his
769 3997 922 4060 subsequent
940 3997 1097 4048 destruction
1113 3995 1290 4057 otthaviano,

188 4097 229 4133 we
247 4097 291 4133 are
309 4083 433 4133 indebted
450 4085 491 4134 ior
509 4083 552 4132 the
569 4085 766 4145 extraordinary
783 4083 960 4143 preservation
978 4083 1007 4130 ol
1022 4080 1065 4130 the
1083 4082 1231 4143 sculpturas.
1257 4080 1290 4128 In

188 4163 258 4214 them
274 4182 316 4216 we
335 4182 435 4231 possess
457 4182 490 4218 an
514 4167 644 4218 authentia
666 4173 860 4231 contemporary
884 4167 1083 4216 commentarios
1112 4165 1141 4216 ol
1166 4164 1209 4214 the
1232 4179 1289 4228 pro·

188 4249 290 4310 phecies
309 4251 373 4300 etc.“
