2954 4784
615 168 688 229 Cur.
705 169 766 244 ΙΙΙ,
785 187 814 229 ν.
828 175 853 230 5.
1246 169 1292 236 95

186 375 242 416 sua
258 364 366 415 exutos
382 355 414 414 in
432 353 603 416 servitutem
620 354 736 431 redegit
752 363 782 412 et
799 353 856 414 sibi
873 355 1086 432 mancipavit“
1109 358 1293 433 Expressam

186 475 258 532 ergo
275 475 304 515 v.
336 471 398 516 'run
423 456 568 514 babemus
593 455 771 515 cumulatam
793 454 956 531 privandae
977 456 1124 518 libertatis
1141 459 1292 518 notionem

185 556 363 634 Usenero).
389 556 443 614 cfr.
467 554 519 616 Ps.
544 555 656 628 XLIV,
676 559 723 628 133
753 555 858 632 lReg.
875 556 972 630 XXI,
997 562 1041 616 20.
1059 562 1101 618 25.
1128 559 1293 618 Hrrzroms

186 666 218 716 ut
234 657 380 715 vendendi
396 664 576 732 potestatem
592 657 802 729 labefactaret,
828 656 964 718 debuisse
981 658 1071 718 scribi
1096 675 1117 738 q
1140 668 1292 718 asseverat

185 775 281 834 neque
298 775 369 816 vero
388 758 467 834 ’πῆς
488 766 520 816 at
537 757 731 816 scortationes
749 775 808 815 non
825 757 970 832 pretium,
994 761 1047 818 sed
1065 741 1291 820 instrumentum

187 866 258 916 sunt
287 857 480 917 venditionis!
525 857 615 915 Haud
652 858 746 932 probe
775 857 969 916 Ksumsmus
1003 861 1171 920 venditione
1206 861 1291 920 sedu-

185 958 312 1016 ctionem
335 959 375 1016 ad
397 956 598 1016 idololatriam
615 957 768 1032 intelligit,
796 976 856 1034 qua
872 958 985 1016 factum
1009 969 1086 1020 esset
1102 970 1136 1019 ut
1153 962 1292 1036 deceptae

185 1066 288 1133 gentes
311 1075 425 1134 poenae
448 1057 658 1117 divinae-loco
680 1058 748 1118 aliis
770 1057 993 1118 subiicerentur.
1011 1093 1048 1102 —
1070 1075 1184 1120 nouum
1205 1061 1291 1118 sami-

184 1159 255 1216 liam
277 1157 374 1234 gentis
398 1158 536 1234 designat
558 1155 635 1216 Gen.
654 1158 701 1231 X,
721 1161 762 1216 18.
776 1162 819 1218 20.
837 1162 887 1230 313
913 1156 1001 1218 Sach.
1018 1160 1097 1232 XII,
1116 1163 1148 1218 12
1166 1177 1223 1232 s,s.,
1247 1161 1290 1219 iu-

185 1267 285 1334 tegros
302 1259 432 1335 populos
449 1259 505 1318 Ier.
524 1258 615 1330 VIII,
634 1262 659 1318 3.
684 1259 786 1332 XXV,
805 1263 836 1330 23
860 1259 914 1318 Ea.
933 1260 1013 1333 XX,
1031 1263 1074 1318 32.

704 1607 732 1645 v.
747 1589 773 1644 5.

231 1757 392 1818 Terrarum
414 1760 516 1818 orbem
541 1760 666 1820 subiecit
689 1759 748 1820 sibi
764 1756 875 1830 Assum
899 1760 967 1836 quis
985 1768 1031 1820 est
1054 1760 1107 1838 qui
1124 1761 1285 1822 vindictam

181 1879 297 1919 sumere
314 1860 351 1918 de
367 1879 402 1918 ea
419 1861 537 1922 valeat?
555 1895 591 1904 -
609 1861 658 1920 Eo
674 1879 717 1920 me
730 1862 771 1918 ad
786 1871 827 1933 te,
852 1861 955 1919 dr‘ctam
971 1861 1092 1920 Domini
1108 1868 1285 1933 murittum,

182 1970 211 2018 et
228 1970 320 2035 retepo
337 1971 463 2036 syrmata
481 1971 531 2020 tao
549 1963 750 2037 superjacient
768 1970 862 2030 tuom,
880 1964 1015 2020 stridere
1025 1964 1106 2036 facio
1122 1973 1215 2036 peotes
1230 1985 1284 2039 pu·

181 2062 272 2118 denda
290 2071 340 2119 tua
357 2072 385 2119 et
399 2080 488 2135 repon
504 2065 685 2136 Ipnomioiam
701 2071 786 2120 tuam.
805 2076 872 2121 utu
894 2061 947 2120 cfr.
965 2063 1011 2133 Π,
1025 2067 1065 2120 14.
1089 2061 1121 2119 N
1122 2081 1207 2120 omen
1221 2063 1285 2122 Do-

180 2162 252 2220 mIni
269 2161 451 2220 exercituum
470 2163 573 2220 eadem
590 2181 629 2222 ex
647 2181 754 2224 caussa
769 2163 817 2221 hlo
827 2163 1026 2237 proponitur,
1051 2181 1141 2238 quam
1158 2162 1288 2224 vidimus

180 2281 281 2338 supra.
307 2261 441 2320 Nimium
459 2270 558 2321 autem
578 2262 654 2322 vidit
669 2263 822 2335 Hruuou„
846 2280 911 2320 cum
934 2264 1007 2322 haec
1029 2262 1086 2321 sibi
1102 2263 1177 2320 velle
1194 2265 1287 2324 verba

181 2363 382 2434 existimarem
402 2363 486 2439 „ipse
504 2364 542 2422 ad
560 2372 589 2422 te
606 2363 721 2422 veniam
739 2363 777 2422 ad
796 2371 824 2422 te
837 2363 1082 2435 subvertendum,
1101 2363 1286 2422 nonmittam

180 2463 335 2540 angelum,
354 2482 415 2521 non
433 2465 551 2522 credam
569 2464 636 2523 aliis
647 2463 802 2535 iudicium3
811 2468 829 2498 “
848 2462 908 2522 imo
922 2483 984 2521 rem
997 2483 1052 2522 acu
1063 2463 1162 2540 tetigit
1174 2463 1286 2523 Ormo-

180 2579 252 2636 aus,
280 2564 331 2641 qui
354 2564 398 2622 sio
418 2563 644 2640 iuterpretatur:
668 2555 721 2624 ὅτι
747 2555 793 2644 μὴ
822 2555 909 2643 πρὸς
929 2549 1113 2643 ἄνθρωπον
1140 2554 1158 2624 ὁ
1186 2557 1286 2645 λόγος

183 2651 282 2745 αὐτῇ,
311 2654 395 2746 μήτε
416 2657 482 2746 μὴν
509 2653 527 2726 ὁ
556 2652 927 2744 πόλεμος,,ἐπεμήνισε
957 2654 994 2722 δὲ
1022 2659 1152 2739 μᾶλλον
1179 2654 1286 2725 ὁτῶν

181 2751 351 2840 δυνάμεων
370 2753 485 2848 κύριος
510 2759 580 2824 κτλ.
607 2797 643 2808 ·-
666 2761 722 2827 mbr
744 2764 796 2821 cfr.
814 2763 864 2836 H,
887 2768 911 2821 8.
941 2761 1079 2822 Scortum
1101 2765 1221 2840 punitur
1246 2768 1285 2824 sd

181 2883 266 2922 suum
283 2865 435 2928 modulum
453 2873 483 2924 et
499 2864 587 2924 sicuti
605 2865 725 2923 meruit:
744 2864 797 2921 cfr.
815 2863 872 2922 les.
885 2863 1021 2937 XLVII,
1039 2869 1070 2937 23
1089 2865 1165 2923 Hos.
1182 2865 1231 2937 11,
1249 2869 1283 2937 53

179 2965 233 3022 Ea.
251 2965 342 3038 XVI,
365 2969 408 3024 36.
433 2969 481 3036 37;
505 2965 562 3024 Ier.
580 2965 673 3037 XIII,
699 2969 742 3024 22.
760 2968 811 3033 263
835 2965 931 3040 Apoc.
950 2962 1004 3037 IV,
1023 2967 1064 3022 18.
1093 2959 1155 3030 Sum
1181 2983 1283 3041 syrma

181 3065 234 3124 cfr.
252 3065 309 3124 les.
328 3065 386 3139 VI,
407 3071 439 3138 l;
457 3065 514 3124 ler.
532 3066 626 3138 XIII,
644 3069 677 3123 22
694 3065 803 3142 legitur
823 3058 906 3140 buum
922 3064 1055 3124 fimbrias
1069 3085 1133 3122 non
1146 3073 1286 3124 accurate

179 3164 233 3224 alii
248 3165 459 3225 intellexerunt
475 3167 528 3224 cfr.
547 3164 702 3225 Gousssr.
720 3185 750 3241 p.
765 3169 838 3224 1603.
870 3179 934 3226 'ritu
956 3181 1075 3240 praeter
1090 3165 1169 3224 buno
1185 3165 1283 3224 locum

179 3265 264 3324 unice
280 3267 406 3324 habetur
424 3266 525 3342 lReg.
542 3267 616 3338 VH,
630 3269 678 3338 36,
697 3266 748 3324 ubi
761 3265 908 3342 significat
922 3265 1050 3340 spatium
1063 3285 1204 3340 vacuum,
1222 3267 1241 3324 i.
1256 3286 1283 3325 e.

179 3385 240 3424 nou
263 3374 372 3426 tectum
395 3366 508 3444 aliquid
533 3385 585 3425 scu
606 3375 758 3442 apertum3
783 3366 851 3424 inde
872 3366 920 3424 hic
937 3391 970 3416 =
988 3381 1076 3429 nuum
1099 3362 1162 3442 tubp
1180 3367 1282 3426 eodem

179 3467 268 3525 modo
286 3467 458 3544 oppositum
476 3485 504 3525 v.
534 3466 702 3527 uunaldus.
720 3467 775 3538 IV,
792 3471 808 3524 7
817 3488 825 3538 3
843 3466 961 3526 Habeo.
980 3466 1030 3538 11,
1048 3471 1081 3524 26
1099 3467 1148 3525 all.

230 3567 315 3642 Quae
331 3569 423 3626 verbe
439 3567 490 3625 ubi
507 3585 715 3642 comparamus
738 3585 803 3624 cum
822 3567 878 3626 Ies.
896 3565 1029 3639 XLVII,
1047 3571 1072 3624 2.
1090 3571 1107 3624 3
1131 3575 1160 3625 et
1176 3568 1282 3625 Ierem.

178 3667 272 3740 XIH,
290 3671 394 3724 22-26
416 3676 589 3726 concentum
614 3667 694 3726 houd
710 3667 864 3726 fortuitum
881 3666 1071 3742 reperiemus.
1096 3667 1154 3724 Ies.
1174 3667 1195 3724 l.
1213 3667 1233 3726 l.
1250 3667 1282 3724 in

178 3768 263 3826 initio
287 3765 392 3826 cantici
414 3766 494 3828 illius
520 3769 557 3826 de
580 3767 700 3826 interitu
718 3767 839 3827 Babelis
865 3767 908 3826 sic
925 3765 1118 3824 vociferatur:
1145 3767 1283 3842 „depone

178 3869 294 3941 velum,
322 3868 425 3944 detege
448 3885 530 3941 crus,
563 3869 613 3926 sbi
636 3886 725 3943 super
750 3867 871 3927 fluviosl
902 3867 1055 3942 detegetur
1084 3866 1203 3926 unditus
1231 3875 1284 3926 tua

179 3967 321 4046 (untur),
345 3968 434 4027 ctiam
460 3977 598 4026 cernatur
614 3968 779 4044 ignominia
795 3976 847 4026 tua
863 3967 1010 4044 (unasub
1032 3975 1061 4026 et
1077 3967 1163 4026 sicuti
1180 3977 1283 4043 aperte

177 4067 324 4126 interdum
341 4068 455 4127 Iesoiae
473 4068 613 4127 vaticinia
628 4067 760 4127 Nabumi
777 4068 875 4128 auimo
894 4069 1053 4126 observata
1072 4067 1283 4140 intelleximus,

178 4187 214 4226 ac
231 4168 287 4228 nIsi
304 4169 437 4243 literato,
456 4169 625 4230 adsensum
640 4177 739 4230 temen
761 4169 899 4244 recitata,
917 4169 960 4230 ita
975 4169 1048 4230 haec
1060 4187 1178 4246 quoque
1192 4169 1283 4228 verba
