2954 4784
613 250 686 311 Cur.
700 253 729 325 l,
748 272 776 310 v.
793 257 832 311 lo.
1229 246 1275 318 33

172 435 358 514 aliorumque
373 436 419 495 *ad
442 435 500 496 hoe
515 437 630 496 utilium
648 437 765 514 eopiam
787 437 1025 498 subministraret
1037 437 1055 497 ¹.
1089 437 1170 498 Toto
1186 438 1278 516 igitur
1392 473 1396 478 ·

172 535 305 596 exercitu
328 537 474 598 conviviis
497 539 683 616 indulgente,
708 539 829 612 Medos,
854 559 907 615 per
930 539 1100 616 transfugas
1124 540 1161 598 de
1185 541 1277 618 negli-

172 638 273 716 gentia
301 645 331 697 et
356 639 498 698 ebrietate
522 640 652 700 hostium
676 641 812 713 edoctos,
842 648 932 700 noctu
960 659 999 700 ex
1020 639 1185 716 improviso
1208 640 1278 700 illos

172 737 377 815 oppressisse,
408 748 499 817 atque
521 741 565 799 ita
595 749 666 817 post
689 741 777 800 trium
801 759 946 800 annorum
968 739 1154 800 obsidionem
1174 741 1278 800 urbem

172 856 365 916 expugnasse
382 849 412 899 et
429 840 495 900 solo
512 859 666 918 aequasse.
697 841 813 916 Quibus
831 840 857 900 si
873 841 1012 900 habenda
1025 822 1098 900 fides
1116 849 1176 915 est,
1199 842 1277 902 vatis

172 939 268 998 verba
284 935 432 1000 translato
450 959 539 1002 seusu
555 942 708 1004 enuntiata
725 943 764 1000 ad
780 942 897 1000 literam
915 949 1061 1018 apparent
1077 943 1220 1002 contenta.

225 1039 294 1114 Quo
311 1040 402 1118 igitur
420 1041 583 1102 securiores
600 1051 670 1101 sunt
687 1051 716 1101 et
732 1041 937 1118 superbiores,
955 1060 991 1102 eo
1004 1041 1189 1128 debellantur
1205 1042 1277 1102 faei-

172 1141 246 1213 lius3
277 1141 309 1198 id
332 1143 413 1218 quod
439 1143 569 1219 imagine
589 1143 713 1218 rapidae
739 1141 954 1202 combustionis
984 1142 1152 1218 exponitur.
1204 1142 1276 1202 Gou-

171 1244 258 1300 aamti
276 1251 342 1300 aunt
359 1239 455 1317 (share
476 1252 571 1319 praet.
585 1244 708 1320 proph,
722 1243 761 1302 ad
779 1243 941 1302 notandam
953 1243 1168 1302 vehementiam
1179 1244 1277 1304 forma

172 1341 251 1401 Pual
282 1345 478 1422 expressum)
500 1345 576 1402 velut
602 1345 708 1419 etiprsls
732 1346 833 1415 arido,
864 1345 918 1404 eir.
935 1344 992 1405 Ies.
1007 1343 1045 1417 V,
1069 1348 1118 1416 243
1147 1344 1275 1418 XLVII,

175 1448 223 1516 143
246 1443 309 1502 Ioel
326 1444 373 1518 Il,
397 1446 432 1516 53
456 1443 565 1504 Obadi.
583 1465 611 1510 v.
630 1448 662 1502 18
684 1443 765 1520 (ooll.
784 1443 993 1506 scansurum
1011 1465 1039 1504 a.
1056 1445 1086 1506 h.
1104 1444 1158 1522 l.);
1187 1443 1275 1507 Such.

172 1543 250 1617 XII,
269 1549 300 1616 6,
328 1563 388 1623 qua
405 1553 435 1602 et
450 1544 551 1605 vilitas
574 1563 676 1606 eorum
700 1546 914 1613 contemnenda
930 1545 1128 1623 significatur,
1151 1546 1205 1604 eir.
1222 1547 1275 1606 Ps.

172 1644 206 1719 I,
223 1649 241 1702 4
259 1645 325 1717 all,
349 1653 379 1704 et
403 1645 768 1722 amplificatur'spinarum
792 1646 968 1720 similitudo,
993 1645 1101 1725 quibus
1121 1647 1277 1723 proprium

171 1745 232 1804 iam
249 1744 324 1821 ipsis
340 1754 399 1820 est,
419 1747 500 1824 quod
516 1747 649 1806 celeriter
664 1747 733 1824 igue
750 1759 969 1808 consumuntur.
994 1747 1160 1807 Absolutae
1176 1757 1275 1807 autem

171 1845 381 1906 internecionis
403 1847 503 1925 imago
531 1855 655 1924 augetur
677 1849 766 1908 etiam
789 1856 922 1908 extremo
946 1861 1049 1908 uersus
1070 1849 1162 1908 verbo
1188 1844 1274 1922 aba,
1367 1905 1370 1912 .

172 1948 254 2024 quod
276 1966 332 2024 pro
356 1947 499 2008 adverbio
521 1949 688 2025 aeeepimus
710 1949 810 2027 plene,
841 1949 937 2026 plenis
960 1949 1089 2022 acervis,
1112 1951 1274 2024 turmatim,

171 2065 239 2107 eum
260 2048 346 2121 Ion,
369 2046 519 2122 Souara,
549 2049 573 2108 I.
593 2050 633 2110 H.
652 2049 763 2123 Mrem,
788 2047 905 2110 Graan.
929 2049 1020 2122 thes,
1042 2049 1153 2110 ‘Meua
1176 2051 1221 2110 ita
1242 2059 1275 2110 ut

171 2149 353 2225 respondeat
374 2149 594 2227 quodammodo
616 2171 644 2210 v.
663 2165 768 2212 urano.
811 2150 875 2210 Alii
896 2149 971 2209 nihil
994 2149 1148 2226 designare
1169 2169 1273 2210 vocem

170 2257 292 2326 putant,
316 2269 422 2328 quam:
438 2249 582 2326 periente,
600 2251 732 2327 penitus,
751 2249 1045 2324 Faaaflu.²,H1rz.;
1068 2269 1184 2324 verum,
1204 2251 1275 2329 quia

170 2350 294 2429 reliquis
312 2368 416 2410 versus
433 2351 585 2410 sententiis
602 2353 676 2412 satis
692 2352 752 2410 iam
770 2350 968 2428 significatum
984 2350 1116 2423 videtur,
1140 2351 1274 2412 funditus

171 2450 237 2510 tolli
253 2451 414 2528 Assyrios,
438 2451 533 2512 satius
554 2453 711 2526 habemus,
737 2453 766 2512 h.
784 2471 813 2514 v.
831 2451 1061 2530 magnitudinem
1083 2459 1114 2512 et
1129 2452 1275 2512 universi·

170 2559 263 2612 tatem
280 2551 388 2611 excidii
404 2552 541 2628 exprimi.
575 2553 743 2613 Reseranda
758 2561 857 2614 autem
874 2552 1008 2612 adverbii
1029 2553 1107 2612 ratio
1125 2553 1163 2616 ad
1180 2561 1275 2614 totam

171 2651 404 2712 enuntiationem
420 2652 552 2727 videtur,
577 2673 673 2732 neque
693 2655 733 2714 ad
757 2654 853 2714 solam
876 2652 1044 2712 ariditatem
1060 2654 1275 2731 restringenda,

171 2754 216 2812 uti
238 2761 415 2814 oensuerunt
430 2753 564 2814 Iudaei
582 2755 715 2834 plerique
732 2754 805 2832 (eir.
824 2753 965 2816 smnus
984 2774 1013 2831 p.
1027 2755 1095 2832 20),
1118 2772 1161 2818 aa
1178 2755 1274 2829 D1uU,

170 2855 254 2928 ΕΜ,
277 2853 379 2912 Urusa.
423 2852 505 2914 Satis
525 2855 666 2931 impedite
688 2857 834 2916 Hoauuu.
859 2854 949 2916 vertit
972 2855 1056 2928 „voll
1082 2855 1220 2928 Maass“,
1246 2864 1276 2916 et

170 2954 470 3031 voeemrespondere
487 2975 515 3014 v.
529 2970 625 3016 urnae
638 2969 744 3016 uanus
762 2962 930 3028 asseverat,
956 2955 1042 3015 sicuti
1064 2955 1175 3031 stipula
1191 2955 1276 3016 arida

171 3054 327 3115 referenda
343 3056 383 3114 ad
405 3055 509 3132 spinas
526 3063 613 3115 esset.
632 3089 669 3100 -
699 3057 743 3114 At
758 3074 820 3117 non
837 3056 1005 3128 defuerunt,
1032 3054 1082 3133 qui
1100 3055 1276 3117 adieetivum

171 3174 238 3218 esse
255 3165 407 3216 senserant
428 3152 508 3236 aba,
524 3156 604 3234 iique
621 3157 794 3235 plerumque
809 3157 973 3217 retulerunt
984 3157 1023 3216 ad
1036 3155 1194 3232 stipulam,
1211 3165 1276 3216 tan·

172 3276 262 3334 quam
275 3257 410 3333 plenam,
430 3277 528 3336 „quae
539 3257 582 3317 sie
594 3258 634 3316 ad
646 3257 845 3316 maturitatem
857 3275 940 3318 suam
951 3256 1100 3334 pervenit,
1118 3267 1151 3318 nt
1164 3258 1277 3318 fruetus

171 3357 385 3434 plenitudinem
402 3358 498 3417 adhue
513 3358 622 3418 habeat
644 3357 675 3416 iu
698 3377 730 3418 se
753 3375 821 3420 cum
839 3377 898 3437 quo
917 3358 998 3420 omui
1019 3358 1107 3420 simul
1123 3379 1178 3436 per
1193 3361 1277 3418 flam·

171 3477 252 3519 mam
268 3463 498 3534 consumatur,“
516 3459 654 3534 Maece,
680 3459 746 3519 sim.
764 3459 982 3535 Turonorum,
999 3460 1127 3540 Rusca,
1146 3460 1276 3535 Kruuu,

224 3757 250 3820 1)
268 3757 409 3807 Honestius
425 3756 550 3808 eiusmodi
567 3757 765 3822 compotationis
780 3758 869 3820 regiae
884 3757 985 3808 initium
1007 3755 1158 3822 proponitur
1179 3755 1206 3804 in
1224 3769 1278 3804 mo·

171 3849 351 3892 numeratorum
369 3841 463 3892 tabulis
478 3841 533 3906 (eir.
547 3841 634 3892 Bursa
645 3843 663 3892 l.
675 3843 692 3892 1.
705 3843 739 3907 pl.
750 3843 791 3904 76,
803 3841 901 3892 Boron
911 3843 929 3892 l.
941 3843 959 3890 l.
976 3857 1000 3912 p.
1011 3842 1059 3892 187
1072 3855 1115 3902 ss,
1133 3839 1219 3890 Gossu
1231 3840 1248 3888 l.
1261 3839 1278 3888 l.

132 3965 138 3973 .
172 3943 196 3990 p.
207 3927 259 3976 504
272 3923 329 3986 ss),
353 3927 397 3976 ubi
414 3926 543 3977 eunuchos
561 3928 667 3992 largiter
684 3927 831 3977 haurientes
848 3935 874 3977 et
894 3925 1031 3977 afferentes
1048 3923 1140 3989 pocula
1157 3923 1279 3987 conspici·

171 4026 241 4072 mus,
259 4011 372 4075 hospites
390 4019 475 4062 antem
493 4013 527 4063 ad
544 4012 645 4062 tabulas
663 4010 781 4062 sedentes
799 4012 898 4076 sibique
915 4010 1024 4060 invicem
1042 3999 1215 4072 propinantes.

223 4112 250 4173 2)
266 4111 328 4164 Non
345 4119 442 4168 temere
463 4116 491 4164 in
513 4115 730 4180 comparationem
749 4121 822 4166 vocat
838 4113 929 4164 Ierem.
941 4111 991 4173 IV,
1008 4111 1039 4174 ὃς
1063 4110 1131 4172 ΧΗ,
1150 4109 1179 4172 63
1206 4110 1280 4160 sicuti

173 4197 295 4248 observat
313 4195 493 4250 Scuuurausrus
509 4199 625 4250 Arabum
643 4197 745 4249 dicendi
762 4213 842 4261 genus
863 4181 924 4270 ὦ)
940 4182 1023 4262 ὼ)
1038 4195 1100 4246 iecit
1117 4202 1142 4245 et
1158 4194 1280 4259 implevit,

172 4283 190 4332 i.
204 4296 227 4331 e.
247 4291 363 4334 securata
381 4282 448 4334 feeit.
519 4329 522 4336 .

1063 4365 1078 4413 3
