2954 4808
193 175 287 216 uxxrv
538 159 782 217 Psonucounrr.
809 157 881 217 Gar.
900 160 953 246 ΙΙΙ.

193 342 293 417 napali
306 342 313 372 ¹
332 350 516 416 nuncupant3
534 319 586 400 vix
600 350 698 400 autem
712 342 831 401 dubium
845 351 907 414 est,
925 342 997 420 quin
1014 342 1173 400 eorundem
1191 361 1294 420 regum

192 443 311 500 diversa
334 443 377 500 illi
401 443 521 502 nomina
543 445 752 520 perscripsisse
778 443 902 519 putandi
925 441 1013 502 sinit
1042 442 1150 501 Verum
1178 445 1294 522 siquid

192 543 286 618 accipi
303 543 339 600 dc
356 542 416 601 illis
433 551 548 618 potest,
572 545 629 601 hoc
646 555 706 616 est,
730 544 811 621 quod
835 543 971 602 luxuriae
987 543 1083 620 magis
1101 563 1166 603 sese
1183 545 1293 621 magis·

193 662 250 719 que
267 643 436 715 dederunt³‚
455 652 545 721 atque
562 645 731 720 depravatis
755 644 862 702 civium
887 644 1020 704 moribus
1038 661 1160 720 regnum
1178 665 1213 703 eo
1232 665 1294 703 cer-

192 745 250 803 tius
263 745 300 801 ad
316 744 493 802 destinatum
505 745 655 803 interitum
668 745 936 803 conformaverunt.
963 744 1165 804 Nihilominus
1179 746 1293 805 avitum

192 844 386 920 Assyriorum
416 846 506 902 robur
536 847 667 904 nondum
695 864 819 920 prorsus
849 855 993 904 cesserat:
1029 846 1185 906 Phraortis
1215 847 1293 904 enim

193 963 365 1020 aggressum
384 965 443 1003 non
462 946 557 1004 solum
574 947 787 1022 propulsarunt
804 945 958 1004 moenibus
975 965 1077 1004 verum
1095 946 1193 1022 ipsum
1219 965 1294 1023 quo-

192 1065 250 1121 que
260 1045 291 1102 in
304 1064 404 1120 pugna
415 1045 632 1105 interfecerunt.
657 1045 749 1106 Cuius
762 1065 862 1104 necem
877 1055 909 1104 ut
923 1046 1125 1118 ulcisceretur,
1139 1045 1294 1124 (lyaxares

191 1147 269 1204 filius
288 1166 315 1206 a.
329 1150 379 1202 634
397 1146 526 1206 collectis
545 1147 638 1222 copiis
655 1146 761 1206 iterum
774 1146 861 1222 petiit
873 1145 999 1206 Ninum:
1018 1155 1064 1219 at,
1083 1148 1152 1204 dum
1169 1148 1293 1206 cinctam

193 1247 404 1323 obsessamque
422 1255 548 1319 teneret,
575 1243 753 1324 Scytharum
775 1247 944 1306 incursione
968 1255 1088 1306 coactus
1106 1256 1165 1320 est,
1188 1257 1221 1308 ut
1239 1267 1293 1324 pa·

129 1391 132 1402 .
192 1347 278 1404 triam
296 1347 396 1422 potius
415 1367 433 1404 a
450 1348 537 1407 novis
554 1348 690 1407 hostibus
706 1347 766 1406 illis
785 1348 970 1419 defenderet3
994 1349 1031 1407 iis
1055 1357 1153 1406 autem
1178 1350 1294 1424 paulla-

193 1447 244 1504 tIm
263 1447 401 1520 devietis,
420 1468 446 1507 a.
460 1467 485 1506 e.
500 1453 567 1521 609,
585 1449 685 1506 iuncta
702 1467 768 1507 cum
781 1447 1040 1523 Nabopolassare,
1058 1449 1293 1524 Babyloniorum

191 1549 293 1624 regulo
312 1549 350 1607 ab
369 1549 505 1625 Assyriis
522 1551 698 1622 constituto,
717 1548 858 1608 societate
875 1557 904 1606 et
921 1549 1139 1621 familiaritate,
1159 1550 1293 1610 exsuctis

192 1667 371 1725 magnopere
395 1649 507 1709 viribus
529 1649 729 1708 intermissum
754 1657 841 1708 antea
864 1667 939 1725 opus
964 1668 1067 1708 rursus
1092 1651 1238 1726 suscepit3
1263 1659 1295 1708 at

192 1759 251 1807 tres
269 1769 322 1824 per
340 1769 433 1808 annos
450 1750 675 1809 munitissimam
693 1751 794 1808 urbem
813 1769 953 1826 superare
970 1769 1029 1808 non
1047 1751 1219 1823 valuerunt3
1241 1751 1294 1808 do-

192 1869 245 1906 nec
262 1849 292 1907 vi
311 1858 340 1906 et
361 1850 478 1910 insidiis
500 1851 823 1926 magnificentissimum
846 1850 1044 1926 potentissimi
1066 1851 1181 1926 imperii
1205 1861 1295 1927 caput

192 1959 398 2025 expugnarent
414 1960 504 2029 etque
519 1951 665 2010 horrendo
683 1951 818 2008 incendio
837 1959 1009 2010 cremarent.

242 2051 330 2124 Quod
357 2071 416 2127 quo
439 2071 517 2110 anno
542 2053 652 2110 factum
676 2051 730 2124 sit,
753 2052 832 2110 haud
855 2052 931 2109 inter
955 2071 1001 2110 vv.
1028 2052 1076 2109 dd.
1105 2053 1293 2128 exploratum

191 2169 256 2210 esse
274 2160 405 2222 constat3
424 2155 461 2211 ab
480 2153 546 2211 aliis
564 2153 641 2210 enim
660 2172 737 2210 anno
756 2156 804 2209 697
818 2152 971 2224 tribuitur,
990 2171 1036 2209 ex.
1051 2169 1094 2228 gr.
1114 2173 1132 2210 a
1145 2153 1291 2224 IosurHO,

191 2254 228 2310 ab
248 2251 314 2310 aliis
333 2271 359 2310 a.
378 2256 442 2324 665,
459 2254 536 2311 inter
554 2271 629 2329 quos
647 2254 832 2310 nominamus
850 2253 1007 2323 Ku1n1uu;
1031 2261 1134 2311 nostra
1150 2253 1293 2311 memoria

189 2351 325 2429 plurimis
342 2352 439 2426 placet
456 2373 482 2411 a.
502 2357 551 2410 606
569 2371 609 2424 s.;
637 2371 691 2410 nec
719 2353 840 2425 desunt,
872 2351 923 2430 qui
956 2353 1044 2412 altius
1069 2354 1156 2411 etiam
1175 2354 1293 2412 descen-

190 2452 318 2510 dendum
336 2452 394 2508 rati
416 2453 463 2510 vel
485 2453 564 2510 intra
581 2472 608 2511 a.
627 2455 675 2510 605
693 2461 723 2511 et
739 2457 789 2510 597
806 2454 944 2511 fluctuent
971 2454 1062 2512 veluti
1076 2453 1239 2512 'Gnsuurus
1264 2462 1294 2511 et

190 2553 370 2623 HrrzrcmS,
388 2553 434 2610 vel
446 2553 615 2612 Vounuruu
633 2554 724 2612 secuti
741 2554 771 2611 in
785 2554 841 2611 hoc
854 2553 979 2611 termino
994 2555 1213 2614 consistendum
1227 2573 1294 2613 esse

148 2676 151 2681 ·
191 2651 370 2710 existiment.
404 2653 468 2712 Iam
498 2672 587 2726 vero,
613 2654 681 2711 licet
712 2655 785 2713 satis
815 2654 957 2730 impedita
980 2641 1070 2730 atque
1091 2655 1230 2713 intricata
1254 2655 1294 2712 sit

192 2753 346 2829 quaestio,
366 2762 465 2812 tamen
481 2755 596 2813 idoneis
614 2754 793 2830 argumentis
810 2755 927 2812 videtur
942 2756 1065 2830 probari
1082 2772 1185 2831 posse,
1213 2755 1293 2832 quod

242 2935 268 2998 1)
285 2933 337 2984 Cfr.
356 2933 464 2983 (trusum
482 2934 631 2982 memoriam
649 2931 718 2997 apud
733 2929 895 2992 DraudalI,
912 2932 952 2980 23.
971 2931 1015 2982 eir.
1035 2932 1161 2980 Hurrccu.
1179 2939 1293 2982 exercitt.

190 3018 288 3067 Herod.
306 3018 347 3079 11,
365 3031 390 3078 p.
399 3018 441 3067 49.
476 3017 659 3066 Brundisii.
677 3034 702 3082 p.
716 3017 757 3066 33.
793 3013 858 3064 Sunt
876 3018 918 3075 qui
941 3016 1027 3080 plures
1047 3032 1098 3065 uno
1116 3015 1293 3081 Sardanapalo

190 3105 259 3152 inter
273 3118 359 3166 regum
371 3103 538 3164 Assyriorum
559 3115 693 3149 numerum
717 3100 826 3150 inveniri
849 3101 1009 3162 existimant,
1033 3101 1169 3156 Harmatos
1191 3101 1246 3149 fere
1269 3107 1294 3149 et

190 3188 311 3236 Hssrcnu
326 3194 351 3235 et
369 3187 542 3236 Caccrsmams
559 3186 711 3234 testimoniis
730 3185 868 3246 sublevati,
886 3197 991 3244 quorum
1010 3191 1153 3248 postremus
1171 3200 1219 3234 ενα
1233 3185 1294 3234 dicit

191 3265 356 3335 δραστήριον
375 3271 419 3318 καὶ
439 3273 578 3334 γενναῖον,
599 3260 684 3318 iiiior
701 3266 730 3318 dt
749 3262 884 3334 μαλακόν.
920 3266 993 3328 Quae
1016 3271 1144 3318 sententia
1165 3269 1293 3318 historicis

191 3355 293 3418 quidem
310 3357 466 3418 argumentis
482 3355 552 3404 haud
570 3355 632 3403 satis
649 3353 749 3402 idoneis
766 3353 867 3412 nititur,
885 3352 930 3400 cfr.
949 3352 1077 3401 Hortata.
1096 3354 1212 3402 exercitt.
1231 3353 1293 3402 Her.

191 3440 218 3501 1,
237 3456 262 3504 p.
278 3440 319 3488 38.
338 3439 458 3488 Burrum.
476 3440 493 3487 l.
505 3439 522 3487 l.
541 3456 564 3504 p.
578 3441 610 3490 36
628 3445 694 3500 not.;
716 3437 846 3488 arcens.
866 3442 950 3484 autem
975 3451 1027 3485 nou
1045 3439 1127 3486 solum
1144 3437 1293 3486 Divanuba·

190 3541 234 3576 rae
251 3532 350 3590 patrem
368 3524 587 3573 bellicosissimum
605 3539 692 3586 regem
715 3531 740 3572 et
760 3521 941 3583 fortissimum,
965 3533 996 3568 eo
1018 3520 1122 3580 nomine
1145 3521 1293 3586 insignitum

191 3625 247 3660 esse
265 3611 397 3674 opinatur,
421 3609 658 3673 Assar-adan-pal
676 3607 730 3668 (cir.
749 3606 890 3656 Commeat.
908 3620 933 3667 p.
947 3606 990 3667 21)
1006 3604 1047 3652 vel
1065 3605 1294 3654 Assur-ahh-bel

190 3695 244 3755 (cfr.
263 3694 359 3744 Athen.
377 3674 460 3742 Lond.
479 3694 558 3754 1852,
577 3695 608 3744 27
627 3689 729 3751 Mart),
747 3704 835 3738 verum
858 3689 927 3740 idem
950 3703 1044 3738 nomen
1062 3688 1145 3739 Phulo
1168 3689 1246 3738 ctiam
1268 3697 1294 3738 et

191 3780 336 3844 Sammugi,
357 3779 400 3842 qui
423 3777 653 3826 Assarhaddouem
676 3774 788 3837 excepit,
818 3772 979 3821 tribuendum
1005 3787 1061 3822 esse
1084 3775 1214 3822 existimat
1237 3773 1294 3836 (cir.

190 3863 308 3913 Outlines
327 3881 350 3928 p.
363 3861 467 3912 XXIII.
486 3859 586 3909 XXVI.
604 3858 698 3919 XLII).
722 3857 794 3917 Quae
812 3871 949 3907 cuneorum
967 3858 1144 3920 interpretatio
1163 3859 1293 3921 quomodo

190 3949 365 4008 confirmetur,
383 3945 521 3994 videndum
539 3949 585 3991 ost.

241 4031 267 4092 2)
286 4032 339 4082 Cfr.
357 4031 436 4078 Hurr.
454 4028 486 4075 dc
504 4027 574 4075 rebb.
592 4030 652 4076 Ass.
671 4043 695 4092 p.
708 4028 749 4078 53.
767 4027 889 4076 Batauis.
907 4027 924 4074 I.
939 4026 956 4075 l.
973 4043 998 4090 p.
1012 4027 1045 4075 30
1059 4041 1092 4075 ss.

240 4115 265 4176 3)
281 4117 334 4165 Cir.
353 4114 453 4161 Hauon.
472 4112 510 4172 ΙΙ,
530 4112 587 4162 150.
616 4113 726 4162 Droaou.
744 4112 786 4173 11,
805 4113 846 4161 23.
875 4110 1006 4160 Donarem
1026 4109 1118 4160 Gesch.
1144 4111 1188 4160 des
1207 4111 1293 4160 Alter-

191 4201 275 4249 thums
293 4199 320 4259 Ι,
338 4214 362 4261 p.
376 4197 424 4245 397
441 4211 473 4244 ss.
