2954 4784
565 226 567 229 ·
587 211 659 274 cnr.
673 213 733 285 111,
752 229 781 271 v.
798 219 838 270 14.
1188 209 1259 278 115

153 400 257 457 bare.“
273 395 332 471 Qui
346 396 384 456 ad
398 395 621 454 sustentandam
639 397 814 456 sententiam
833 413 917 454 suam
930 396 1141 474 Xenophontis
1158 397 1262 458 laudat

154 500 262 570 verba,
291 488 467 556 πλίνθινον
488 493 596 570 τεῖχος
617 498 767 554 ruinarum
788 496 1010 572 Mespilensium
1029 516 1261 557 commemoran·
1316 525 1321 532 =

154 598 193 658 tis
206 599 305 657 Anah.
318 597 381 667 ΠΙ,
393 601 427 668 4,
442 600 491 669 11,
509 595 540 654 in
558 597 665 672 quibus
681 597 881 656 testimonium
904 598 1002 658 inesse
1021 607 1105 658 vetus
1122 617 1157 656 ac
1169 616 1261 674 grave

155 699 192 758 ad
211 697 358 758 firmanda
374 697 538 773 prophetae
560 700 652 757 verba
674 705 835 756 asseverat.
861 699 962 775 Atque
988 699 1045 757 boc
1067 698 1185 774 quidem
1207 719 1261 758 no·

156 799 236 858 mine
252 816 434 874 magnopere
451 819 499 857 vv.
518 797 567 856 dd.
585 798 779 869 assentimor;
803 807 971 857 accuratam
993 808 1091 857 autem
1106 798 1166 856 loci
1183 799 1260 858 noti·

156 899 245 973 tiam,
269 918 346 976 quae
363 897 508 976 Assyriae
520 898 650 957 incolam
663 898 756 970 oleat,
775 898 849 956 adeo
861 917 985 975 arguere
999 897 1166 976 nequimus,
1185 918 1259 976 quo-

156 1000 237 1058 niam
260 999 402 1058 lateribus
424 997 534 1056 alicubi
556 999 645 1057 etiam
670 998 845 1058 aedificandi
867 1018 932 1058 mos
948 998 1125 1058 invenient
1153 997 1261 1076 Neque

157 1100 235 1160 enim
263 1099 322 1159 nisi
350 1099 386 1156 de
410 1098 593 1174 simplicibus
621 1098 764 1158 lateribus
793 1099 975 1159 fabricandis
1006 1098 1138 1158 Nahumi
1168 1101 1261 1160 verba

157 1208 264 1276 agunt3
288 1199 340 1258 vix
358 1198 448 1274 igitur
465 1199 522 1257 hoo
539 1199 643 1258 referri
659 1208 813 1276 poterunt,
838 1219 914 1277 quae
930 1198 1084 1260 1110111118Β
1101 1200 1137 1257 de
1160 1199 1261 1276 singn-

156 1301 215 1359 lari
236 1301 364 1378 quadarn
380 1299 514 1375 lapidum
530 1300 628 1375 specie
645 1299 781 1372 tradidit,
806 1319 883 1376 quae
906 1300 937 1358 in
955 1300 1152 1359 monumentis
1169 1300 1260 1359 inter·

157 1401 228 1458 dum
245 1399 446 1476 reperiuntur,
464 1407 494 1458 et
509 1400 656 1478 hodieque
672 1400 798 1460 Mossuli
814 1409 1027 1476 praeparentur
1043 1409 1133 1478 atque
1149 1400 1260 1459 usiten-

157 1508 216 1560 tur.
242 1501 346 1560 Refert
363 1478 558 1560 enim‘muros
575 1501 655 1560 haud
671 1519 740 1560 raro
757 1500 881 1577 reperiri
905 1501 1042 1574 „formed
1066 1501 1100 1558 of
1119 1501 1169 1558 the
1190 1499 1261 1558 rub-

157 1601 226 1660 bish
250 1601 285 1660 of
304 1601 353 1658 the
376 1608 511 1678 country,
534 1600 604 1660 well
628 1600 760 1660 rammed
784 1601 873 1659 down
894 1601 968 1659 with
991 1621 1010 1660 a
1026 1601 1110 1660 wssh
1135 1600 1169 1658 of
1191 1599 1261 1658 lime

156 1701 272 1778 poured
288 1717 369 1776 upon
385 1701 427 1774 it,
450 1701 547 1760 which
569 1702 600 1760 in
617 1721 636 1760 a
653 1702 737 1762 short
753 1701 824 1760 time
840 1701 942 1760 would
960 1709 1081 1762 convert
1097 1702 1147 1759 the
1162 1700 1261 1760 whole

157 1801 222 1860 into
239 1821 258 1860 a
275 1801 354 1862 solid
370 1819 461 1860 mass.
497 1803 541 1860 At
562 1802 612 1862 the
628 1809 747 1878 present
763 1801 823 1878 day
840 1802 889 1859 the
905 1802 1021 1861 natircs
1038 1801 1102 1858 mix
1126 1800 1261 1877 pebbles,

156 1902 227 1960 Eme
243 1902 302 1960 and
319 1901 372 1960 red
389 1902 473 1960 earth
492 1920 527 1960 or
543 1902 611 1978 clay
627 1902 776 1979 together,
795 1902 855 1960 and
872 1902 949 1976 after
962 1920 1111 1978 exposure
1124 1909 1155 1960 to
1168 1909 1264 1962 water

157 2003 229 2078 they
246 2003 368 2060 become
383 2002 449 2060 like
462 2003 512 2060 the
528 2002 606 2061 solid
622 2003 728 2061 rock.“
763 2001 831 2076 Quo
848 2001 878 2058 in
898 2020 1004 2078 genere
1026 2003 1153 2078 primum
1172 2001 1264 2061 statui

156 2121 219 2162 non
236 2103 310 2162 satis
326 2110 443 2178 potest,
466 2115 564 2160 utrum
581 2103 715 2162 Rucuma
732 2103 824 2162 verbo
843 2102 953 2175 „lime“
978 2103 1088 2160 calcem
1110 2119 1150 2159 an
1167 2101 1262 2159 lutum

156 2203 323 2276 notaverit3
349 2211 411 2262 tum
434 2221 506 2262 vero
532 2204 605 2262 haec
628 2203 752 2262 materia
776 2203 978 2262 conformatur
1000 2201 1141 2261 abhibitis
1163 2201 1261 2278 aquis,

156 2303 315 2362 Nabumus
328 2311 427 2362 autem
443 2303 547 2362 laudat
562 2304 722 2362 fornacem.
750 2302 849 2377 Quare
866 2303 1004 2362 subtilem
1021 2302 1079 2360 loci
1097 2308 1127 2360 et
1138 2309 1264 2360 naturae

158 2404 359 2481 cognitionem
376 2404 457 2464 bisce
473 2405 637 2480 prophetae
654 2403 751 2462 verbis
769 2403 957 2479 comprobari
968 2422 1029 2462 non
1040 2402 1262 2474 existimamus3

157 2505 248 2581 longe
265 2505 343 2563 enim
360 2504 421 2564 alia
438 2513 517 2564 esset
533 2505 684 2582 quaestio,
709 2503 736 2562 si
758 2503 835 2562 forte
857 2504 972 2580 lapides
997 2503 1077 2562 caesi
1100 2521 1167 2563 cum
1191 2519 1262 2560 con-

157 2605 222 2665 chis
250 2614 280 2665 et
307 2605 477 2682 patrefactis
507 2603 729 2665 commemorati
758 2613 872 2680 essent,
901 2604 953 2681 qui
975 2603 1034 2664 nisi
1056 2603 1088 2662 in
1111 2603 1263 2662 montibus

156 2705 241 2764 Nino
260 2705 364 2765 vicinis
381 2723 442 2764 non
459 2689 645 2782 reperiuntur
653 2704 674 2764 ³.

208 2805 267 2864 His
288 2806 379 2883 igitur
403 2805 502 2864 verbis
523 2805 636 2865 ironice
658 2805 873 2882 compellantur
888 2802 1026 2880 Assyrii,
1051 2810 1084 2861 ut
1106 2801 1263 2860 obsidione

157 2906 331 2982 propediem
347 2906 499 2979 instante,
509 2905 644 2964 reficiant
659 2905 793 2978 moenia,
823 2912 913 2982 atque
929 2903 1004 2961 adeo
1021 2901 1164 2960 lateribus
1181 2919 1262 2960 ccm-

157 3006 301 3083 parandis
319 3025 441 3083 operam
458 3006 544 3079 dent3
561 3006 640 3064 male
655 3005 747 3082 igitur
764 3003 920 3064 Gnorrus=
947 3001 1065 3077 „captis
1088 3001 1149 3060 iam
1165 3001 1264 3079 portis

158 3106 308 3184 aliquibus
326 3107 424 3183 recipe
440 3116 470 3165 te
486 3107 565 3165 intra
581 3125 661 3165 nova
677 3099 856 3164 munimenta
874 3124 891 3164 e
907 3104 1014 3174 latere,
1034 3101 1160 3161 ascende
1173 3121 1264 3179 super

157 3206 228 3278 illa,
252 3206 345 3266 stibi
368 3206 490 3266 defende
512 3215 657 3284 quantum
678 3209 785 3282 potes“
811 3239 847 3248 -
871 3224 925 3263 nec
948 3202 1052 3262 melius
1071 3201 1265 3262 Kaumsurus

157 3307 233 3364 haec
249 3307 287 3365 ad
304 3307 477 3366 reficiendos
493 3325 594 3368 muros
611 3305 806 3366 inundatione
822 3303 875 3364 illa
891 3305 935 3382 (l,
953 3305 985 3382 8)
1006 3301 1173 3378 patefactos
1189 3303 1265 3362 refe·

157 3406 251 3466 renda
267 3407 406 3484 opinatus
424 3419 478 3467 est.

212 3679 238 3742 1)
255 3679 308 3730 Otr.
331 3679 433 3732 anru
453 3681 520 3733 RW.
540 3695 560 3732 s.
577 3697 603 3732 v.
619 3679 715 3746 Ziegel.
741 3681 900 3732 Hunosrnns.
923 3679 966 3731 die
986 3679 1088 3731 Bucher
1109 3679 1191 3730 Moris
1213 3676 1266 3727 und

159 3765 393 3911 Aegd)phdd{tire
410 3847 451 3910 H,
469 3849 511 3901 65.
529 3849 575 3901 cfr.
592 3847 696 3900 mmm
712 3847 855 3899 Erdkunde
871 3847 927 3910 XI,
944 3861 969 3912 p.
979 3845 1038 3897 229.
1050 3845 1109 3897 244.
1131 3843 1195 3896 Bon.
1208 3859 1231 3910 p.
1241 3844 1266 3895 5.

212 3931 597 3998 stofr.1t1nrn1.1.p.175.
639 3933 719 3984 Tuon.
736 3933 784 3983 ll.
803 3948 827 3997 p.
839 3931 881 3982 42.
