2954 4808
196 219 239 264 nn
540 193 784 250 Psonnuonsns.
815 187 888 248 Cer.
906 173 947 248 Il.

196 380 509 450 determination,
528 373 624 436 which
643 371 704 431 will
722 378 775 429 net
791 371 878 431 allow
899 373 948 431 the
965 374 1106 433 beholder
1118 383 1149 433 te
1164 375 1221 434 feel
1238 395 1298 454 any

196 491 346 559 contempt
368 482 403 539 of
422 479 482 538 this
508 485 587 536 stern
611 471 785 532 warriors.“
808 505 843 514 —
869 471 937 547 Quo
961 474 1037 532 adde
1061 475 1199 535 mirificas
1229 475 1298 534 illas

184 584 367 646 animalium
384 579 512 656 species,
532 575 639 654 quibus
655 571 834 648 palatiorum
847 581 953 648 portae
966 575 1217 648 custodiebantur,
1234 576 1296 634 leo-

196 705 249 744 nes
272 685 321 743 vel
342 681 420 740 tauri
442 680 571 736 humano
595 673 692 751 capite
716 671 831 746 alisque
855 673 996 750 aquilinis
1019 675 1151 753 insignes
1162 677 1181 748 ¹,
1207 675 1296 734 robu-

196 783 320 845 stissimi
336 779 474 839 Nimrodi
491 774 597 837 statuis
614 773 761 844 variatas,
787 771 837 848 qui
861 774 955 832 altera
977 795 1067 834 mann
1083 775 1197 834 leonem
1215 784 1297 834 catn-

195 886 274 958 lnm,
305 880 400 941 altera
427 896 553 954 anguem
575 875 656 933 nullo
678 873 741 930 iere
764 873 883 948 negotio
907 874 1093 951 comprimit²
1116 909 1151 918 —
1176 875 1295 953 quibus,

197 999 388 1063 quaecunque
400 997 500 1038 earum
514 977 571 1034 fuit
581 971 770 1051 significatio,
789 990 909 1032 monere
921 984 1001 1035 certo
1019 977 1164 1049 videntur,
1183 984 1297 1051 quanta

197 1091 331 1160 potestas
347 1080 379 1138 in
397 1078 489 1138 muris
505 1077 570 1136 istis
586 1074 743 1132 habitaret.

246 1184 348 1258 Atque
363 1180 440 1238 hanc
457 1177 574 1254 quidem
588 1181 723 1232 naturam
734 1171 821 1232 rebus
840 1193 858 1232 a
876 1193 908 1234 se
921 1176 1012 1253 gestis
1025 1193 1203 1253 magnopere
1216 1193 1296 1234 com-

197 1282 415 1358 probaverunt3
446 1275 558 1352 ingenti
581 1282 679 1332 antem
704 1271 806 1330 robori
830 1292 884 1333 suo
907 1294 972 1333 cnm
995 1293 1111 1334 summa
1134 1275 1244 1335 astutia
1267 1283 1297 1334 et

198 1381 358 1440 calliditate
374 1377 612 1436 moderabantur.
638 1372 708 1431 Hoc
724 1370 802 1430 enim
818 1373 893 1433 illud
910 1383 965 1448 est,
982 1393 1041 1453 quo
1059 1376 1233 1452 praesertim
1257 1375 1295 1434 ab

198 1481 265 1540 aliis
281 1481 420 1539 differunt
436 1477 572 1553 gentibus
588 1472 768 1545 maioribus,
788 1492 864 1549 quae
877 1483 965 1535 antea
977 1484 1122 1534 vexerant
1133 1476 1295 1548 Israelitas,

198 1581 279 1657 qnod
296 1597 356 1637 non
372 1575 535 1654 praedandi
552 1581 667 1632 tantum
684 1591 789 1631 caussa
806 1573 920 1634 vicinos
937 1577 1010 1634 fines
1029 1577 1181 1634 vexabant
1198 1582 1227 1635 et
1244 1593 1296 1632 cx·

199 1680 273 1738 actis
297 1678 401 1755 spoliis
424 1677 544 1734 domum
567 1673 715 1744 redibant,
740 1691 840 1730 verum
863 1675 951 1749 primi
975 1675 1151 1750 praestituto
1171 1675 1297 1734 consilio

198 1787 228 1836 et
242 1777 359 1837 ratione
376 1777 406 1834 id
424 1777 566 1853 agebant,
592 1781 625 1831 nt
649 1791 764 1830 omnem
787 1772 925 1850 deinceps
947 1783 1091 1833 terrarum
1115 1775 1172 1835 sibi
1195 1776 1297 1834 orbem

198 1877 383 1937 subiicerent.
408 1875 443 1933 In
468 1894 562 1950 eoque
578 1873 621 1931 ita
637 1873 699 1929 fere
715 1873 924 1947 versabantur,
949 1885 1063 1933 utnon
1088 1875 1119 1933 vi
1142 1874 1243 1935 statim
1269 1883 1298 1933 et

198 1977 303 2048 armis,
322 1995 397 2054 quas
414 1982 553 2051 possent,
571 1981 673 2049 gentes
692 1971 905 2047 opprimerent,
929 1993 1031 2033 verum
1049 1975 1219 2052 praestigiis
1235 1975 1296 2050 pri·

198 2097 278 2135 mum
295 2083 324 2134 et
340 2075 425 2134 falsis
440 2072 705 2150 pollicitationibus
720 2070 855 2130 irretire³
869 2083 1046 2134 conarentur
1051 2096 1060 2147 3
1080 2075 1145 2133 dein
1163 2076 1297 2133 rixarum

199 2195 288 2237 ansas
305 2175 461 2253 diligenter
478 2191 633 2250 quaerere,
652 2181 685 2230 nt
697 2170 761 2228 iure
774 2190 824 2230 cas
836 2173 995 2247 percellere
1005 2175 1189 2248 viderentur3
1207 2184 1297 2252 atque

199 2277 273 2336 adeo
291 2274 497 2334 occasionibus
514 2281 600 2332 caute
616 2271 798 2343 observatis,
822 2271 873 2329 nbi
890 2281 993 2349 gentes
1009 2275 1086 2334 inter
1104 2293 1135 2334 se
1159 2276 1299 2334 dimican-

199 2386 244 2435 tes
261 2376 410 2448 viderent,
435 2373 592 2432 debiliores
610 2390 727 2448 semper
742 2371 883 2431 adiuvare
900 2374 1096 2448 affectabant,
1115 2395 1174 2452 qno
1191 2363 1300 2435 certius

251 2608 276 2670 l)
294 2607 348 2658 Cir.
365 2607 428 2657 Lar.
445 2607 540 2657 Ninive
558 2623 583 2656 u.
602 2622 621 2657 s.
640 2607 746 2656 Ueberr.
765 2624 788 2670 p.
804 2608 863 2657 422.
899 2608 962 2659 Bon.
981 2609 996 2660 l.
1010 2611 1026 2658 l.
1044 2628 1068 2675 p.
1081 2611 1130 2660 130
1145 2625 1178 2659 ss.
1214 2609 1300 2660 Gosss

199 2693 310 2756 Assyria
325 2707 350 2756 p.
364 2692 515 2742 104-114.
551 2692 684 2741 Animalia
705 2691 764 2752 illa,
787 2705 852 2754 quae
876 2695 1023 2758 saepissime
1046 2694 1149 2756 quidem
1170 2694 1198 2742 in
1220 2693 1300 2758 portis

199 2776 351 2841 palatiorum
380 2777 532 2836 constituta,
554 2789 642 2824 verum
660 2774 725 2823 alias
743 2786 842 2836 quoque
860 2778 1033 2841 reperiuntur,
1060 2793 1116 2827 cum
1135 2777 1192 2828 aliis
1209 2777 1301 2826 belluis

200 2877 221 2912 a.
244 2875 301 2912 cnm
322 2859 467 2910 homiuibus
490 2858 639 2908 dimicantis
655 2858 709 2919 (cfr.
728 2858 814 2910 Goasr
831 2860 848 2908 l.
863 2859 898 2922 1.),
922 2861 1135 2922 quemadmodum
1159 2861 1226 2925 apud
1247 2862 1300 2910 He·

199 2946 291 2996 bracos
309 2943 448 2994 cherubini
476 2956 587 2992 summas
609 2943 705 3005 ingenii
726 2950 751 2992 et
774 2945 887 3008 corporis
910 2945 976 2994 vires
995 2945 1141 2994 coniunctas
1158 2945 1301 3008 significare

199 3028 326 3078 videntur.
361 3027 481 3076 Ceterum
504 3032 600 3086 quanto
624 3027 706 3074 maior
727 3027 869 3078 intercedat
892 3027 1031 3077 similitudo
1053 3029 1120 3078 inter
1142 3027 1301 3080 Cherubincs

201 3120 227 3163 et
237 3111 404 3176 Assyriorum
415 3109 511 3174 species
523 3110 589 3170 illas,
600 3119 676 3169 quam
687 3124 744 3159 cum
755 3111 942 3174 Aegyptiorum
954 3111 1102 3174 sphingibus
1114 3113 1168 3175 (cfr.
1176 3113 1300 3162 Hrnesra.

202 3198 267 3260 Aeg.
286 3209 311 3244 u.
330 3193 355 3242 d.
372 3191 473 3241 Bucher
489 3191 571 3240 Musis
589 3207 614 3256 p.
629 3192 798 3256 rto-164),
815 3194 876 3243 inde
894 3196 981 3243 statim
998 3202 1117 3259 apparet,
1135 3195 1203 3258 quod
1214 3198 1302 3260 Aegy-

201 3281 272 3344 ptiae
288 3276 388 3326 bellnae
405 3287 543 3335 numquam
560 3276 614 3324 iere
631 3277 679 3325 alis
696 3284 804 3328 ornatae
821 3285 892 3340 sunt;
915 3290 975 3326 rara
996 3278 1114 3342 exempla
1133 3280 1257 3329 nonnulla
1269 3279 1302 3328 ab

203 3362 318 3425 Assyriis
335 3359 444 3423 repetita
461 3357 587 3420 videntur,
605 3359 649 3409 cir.
666 3360 729 3411 Lar.
746 3361 809 3410 ibid.
826 3362 967 3411 Praeterea
977 3361 1055 3409 etiam
1066 3363 1167 3424 palmae
1184 3371 1210 3415 et
1226 3363 1302 3412 flores

203 3448 281 3507 istae,
297 3444 426 3502 bovesque
444 3448 472 3491 et
487 3442 590 3505 leones,
607 3455 714 3504 qnorum
731 3445 883 3508 imaginibus
896 3442 1003 3494 Salomo
1020 3444 1108 3509 templi
1125 3461 1211 3497 muros
1229 3460 1302 3496 exor-

203 3530 276 3580 navit
295 3527 350 3589 (cfr.
369 3524 460 3588 11teg.
473 3525 524 3587 VI,
539 3527 572 3576 32
588 3539 621 3576 ss.
639 3527 707 3588 vn,
724 3529 757 3578 29
770 3529 826 3591 ss),
853 3527 917 3576 mire
940 3527 1076 3578 concinunt
1099 3543 1156 3577 cum
1179 3527 1302 3578 eiusmodi

204 3618 328 3678 apparatu
351 3607 419 3658 haud
440 3623 500 3658 raro
524 3609 592 3673 apud
609 3611 731 3672 Assyrios
748 3617 864 3675 reperto,
881 3609 926 3659 cir.
943 3610 1005 3660 Lar.
1021 3610 1064 3672 dg.
1075 3609 1150 3671 31‚a.
1160 3612 1185 3661 b.
1212 3611 1303 3672 Neque

204 3711 266 3746 rere
283 3694 386 3758 probari
403 3693 456 3742 ullo
474 3692 552 3744 medo
568 3699 666 3758 potest,
690 3695 783 3744 alteras
805 3695 902 3760 species
925 3694 958 3742 ab
982 3694 1069 3744 alteris
1091 3707 1147 3742 csse
1169 3692 1303 3742 delibatas.

205 3777 305 3839 Quare,
333 3775 382 3825 nisi
399 3775 466 3824 forte
482 3773 580 3826 Bonos.
599 3783 698 3826 secutus
716 3776 834 3826 Paradisi
851 3778 1000 3826 memoriam
1017 3777 1044 3825 in
1061 3777 1174 3826 omnium
1190 3777 1304 3840 gentium

205 3859 330 3911 eiusmodi
352 3858 504 3908 animalibus
525 3860 631 3923 reperiri
653 3861 851 3921 existimaveris,
874 3860 952 3908 tutius
962 3858 1111 3909 Numanum
1128 3861 1304 3920 assentiemur,

206 3947 250 4007 qui
265 3942 410 3994 consimiles
427 3943 595 4004 cogitationes
613 3949 689 4006 atque
706 3945 825 3993 notiones
847 3942 999 4006 symbolicas
1022 3943 1099 3992 simili
1121 3945 1221 3992 ratione
1243 3957 1303 3992 cou-

205 4029 329 4078 lormatas
347 4038 404 4074 esse
421 4023 509 4086 docet,
527 4024 609 4076 Gurn.
627 4032 653 4076 et
669 4026 828 4076 Burmann.
846 4025 969 4077 Zeitschr.
988 4026 1068 4087 1853,
1085 4026 1112 4088 Ι,
1128 4041 1154 4090 p.
1167 4026 1215 4075 137
1228 4039 1261 4075 ss.

257 4109 283 4171 2)
298 4108 351 4159 cn.
367 4107 430 4158 Bon.
449 4109 495 4158 l.l.
513 4125 538 4173 p.
553 4110 609 4160 134.

257 4191 282 4251 3)
299 4191 351 4240 Cir.
368 4190 437 4242 Nah.
454 4190 508 4250 111,
525 4193 550 4241 4.
