2954 4784
637 187 754 275 cml,
772 209 802 248 v.
817 194 856 248 11.
1253 183 1299 255 35

199 373 230 432 in
254 371 349 431 altero
372 359 503 430 membro
533 389 562 431 v.
586 375 618 430 12
645 372 684 432 ad
706 372 846 433 Israelem
874 373 940 433 siue
966 375 1057 435 dubio
1079 376 1185 436 attinet
1207 391 1300 452 quim

199 474 288 549 'naurs
310 467 365 546 uh,
391 481 421 531 et
444 471 560 552 reliqua
584 474 650 532 suff.
669 474 738 534 fem.
756 478 849 546 v.133
873 476 926 534 sed
947 481 1025 536 v.·l4
1047 495 1087 536 ex
1109 477 1211 536 vivido
1234 495 1301 536 ors-

200 572 290 632 tionis
307 591 414 648 genere
431 575 486 632 sub
503 575 598 632 altera
615 593 744 650 persona
761 575 911 652 cogitandi
932 577 1034 637 hostes
1051 587 1152 651 erunt,
1175 577 1303 657 ideoque

198 674 237 732 ad
253 674 416 734 notandam
431 674 525 734 vicem
543 674 640 751 primo
656 675 724 735 loeo
742 675 881 738 scribitur
899 670 993 753 aihu
1013 691 1103 750 attis
1120 678 1200 738 haud
1217 695 1302 740 secus

198 774 229 833 ia
252 783 355 834 nostro
377 794 465 834 versu
487 791 568 852 nnn,
596 776 628 835 iu
650 776 752 834 limine
775 776 935 853 scriptum,
965 776 1137 852 oppositum
1161 795 1227 840 esse
1248 797 1302 856 ap·

198 884 284 952 paret
305 877 557 936 antecedentibus.
599 877 739 950 Accedit,
764 877 845 955 quod
868 897 894 936 c.
907 876 986 949 11‚1
1011 876 1087 936 Iuda
1108 879 1210 938 statim
1235 897 1302 939 cum

199 975 266 1036 suff.
283 977 353 1036 fem.
370 981 396 1035 2.
410 995 488 1053 pers.
512 995 616 1037 rursus
639 977 824 1054 appellatum
849 997 904 1038 nec
927 977 1090 1037 omittenda
1117 988 1162 1040 est
1184 979 1303 1056 placida

199 1086 229 1136 et
256 1077 418 1154 tranquilla
448 1077 580 1155 rhythmi
611 1078 705 1153 ratio,
740 1079 876 1154 rapidam
906 1077 1167 1158 vehementemque
1197 1099 1302 1144 versus

199 1178 398 1238 antecedentis
421 1195 575 1236 nnmerum
597 1186 713 1251 senum
739 1197 800 1255 qua
821 1179 981 1238 secundum
997 1198 1026 1238 r.
1040 1181 1075 1237 52¹
1097 1189 1127 1240 et
1143 1183 1178 1240 6²¹
1199 1181 1301 1242 simili-

199 1279 331 1338 tudinem
348 1279 451 1338 eadem
474 1277 685 1340 sententiarum
707 1279 932 1338 commendatur
945 1278 1129 1340 vicissitudo.
1172 1295 1231 1341 um
1252 1300 1302 1342 eo-

198 1380 266 1439 dem
293 1398 382 1439 sensu
404 1379 442 1438 de
463 1381 618 1453 hostibus,
647 1388 757 1440 terram
779 1399 816 1439 eo
843 1399 938 1458 nsque
960 1380 1210 1456 opprimentibus,
1241 1382 1302 1442 iarn

197 1499 269 1540 vero
291 1481 495 1540 recedentibus
519 1481 628 1558 legitur
649 1480 706 1540 Ies.
720 1479 841 1554 XLIX,
861 1485 892 1538 17
915 1479 982 1558 (cir.
1001 1478 1119 1540 Gnssu.
1142 1499 1247 1546 comm.
1272 1503 1301 1542 a.

197 1582 227 1640 h.
245 1581 266 1639 l.
285 1589 389 1640 contra
405 1581 585 1640 ersmusnt
601 1581 833 1659 disputantem),
851 1581 904 1640 cir.
922 1582 979 1644 Ier.
994 1581 1114 1656 XLIII,
1133 1587 1181 1656 123
1198 1583 1240 1657 X,
1257 1587 1301 1644 20.

197 1681 373 1757 Praeteriti,
404 1681 481 1741 sicut
500 1678 561 1743 hau
583 1703 612 1742 v.
632 1687 679 1756 10,
702 1681 878 1760 prophetica
899 1690 945 1742 est
972 1682 1066 1756 ratio,
1097 1703 1191 1762 quare
1212 1683 1303 1744 LXX

198 1770 418 1854 ἐξελεύσεται.
461 1785 563 1862 Atque
591 1783 670 1842 hunc
694 1782 812 1861 quidem
836 1782 1033 1861 Assyriorum
1062 1793 1213 1862 receptum
1242 1803 1303 1844 non

197 1882 416 1957 dubitaremus,
434 1885 506 1961 quin
523 1883 653 1960 proprio,
664 1901 753 1944 sensu
765 1884 877 1944 dictum
888 1903 953 1944 esse
966 1891 1175 1960 statueremus,
1194 1885 1300 1962 sipro-

197 1983 265 2044 bari
293 1983 389 2062 magis
411 1992 515 2060 posset
540 1983 670 2044 Susam
699 1984 816 2062 opinio,
845 2003 883 2044 ex
908 2005 969 2062 qua
990 1985 1140 2046 Manassis
1168 1994 1303 2062 tempore

197 2084 318 2162 Assyrii
339 2083 371 2144 in
396 2086 521 2146 urbibus
537 2085 768 2145 Philistaeornm
790 2085 934 2146 stationes
957 2083 1131 2146 habuissent
1146 2085 1300 2159 militares,

198 2205 276 2263 quse
308 2186 339 2243 in
372 2185 514 2245 Iudaeam
547 2204 667 2264 quoqne
705 2187 764 2246 huc
795 2185 867 2244 illuc
900 2193 1027 2263 vagatae
1059 2185 1220 2246 Manassen
1254 2205 1300 2246 oe·

199 2285 313 2363 pissent
329 2285 404 2364 (quo
428 2287 532 2346 referri
557 2287 647 2346 etiam
669 2295 786 2363 posset,
810 2287 892 2366 quod
914 2305 969 2346 rex
985 2286 1142 2366 Babylone
1163 2305 1301 2348 reversus

197 2387 320 2447 castella
343 2405 399 2447 sua
416 2388 595 2446 communire
609 2387 726 2466 valuit).
753 2387 864 2446 Verum
882 2389 1022 2467 quoniam
1034 2389 1112 2447 hanc
1124 2387 1300 2448 sententiam

197 2487 424 2564 improbandam
440 2488 568 2548 vidimus
584 2488 616 2546 in
632 2488 738 2564 proll.·,
761 2488 805 2546 ita
827 2487 906 2547 hunc
928 2497 1078 2566 receptum
1093 2487 1300 2565 interpretabi-

198 2607 280 2662 mur,
304 2597 338 2647 ut
353 2587 495 2663 Iudaeos,
514 2589 552 2648 ab
569 2588 683 2648 Achasi
700 2597 834 2665 tempore
851 2588 958 2647 ditioni
980 2609 1084 2650 eornm
1106 2599 1136 2650 et
1157 2588 1301 2667 potestati

198 2689 294 2766 magis
311 2687 446 2749 minusve
463 2689 629 2762 obnoxios,
652 2689 712 2748 iam
729 2705 854 2766 prorsus
878 2690 916 2748 ab
934 2689 973 2749 iis
989 2690 1133 2750 vindIcari
1150 2691 1301 2751 existime-

197 2807 279 2864 mus,
303 2809 357 2848 nec
378 2789 439 2848 iarn
464 2789 643 2850 exercitibus
667 2809 769 2849 eorum
790 2789 911 2864 vexam3
938 2790 991 2849 ofr.
1014 2791 1060 2864 11,
1086 2795 1112 2852 1.
1138 2795 1179 2851 14.
1223 2791 1301 2872 Illud

198 2900 298 2952 tamen
314 2909 354 2950 ex
370 2891 417 2950 hin
434 2891 533 2952 verbis
550 2899 631 2950 certo
654 2890 861 2969 consequitur,
888 2909 954 2948 cum
976 2889 1119 2950 scriberet
1133 2890 1302 2966 Nabumus,

199 3011 261 3052 non
283 2991 380 3052 solum
404 2991 565 3052 timendum
588 2991 676 3052 etiam
699 2991 818 3051 Iudaeis
841 2989 935 3051 fulsse
958 2991 995 3049 ab
1018 2990 1173 3068 Assyriis,
1199 3010 1302 3050 verum

199 3092 289 3153 etiam
306 3111 342 3151 ea
359 3110 425 3152 cum
442 3092 481 3152 iis
498 3101 653 3154 contentos
670 3089 902 3165 necessitudine,
928 3110 1005 3170 quae
1028 3091 1171 3150 ditionem
1195 3100 1224 3150 et
1241 3111 1302 3152 ser·

200 3193 321 3253 vitutem
340 3193 559 3269 quodammodo
577 3191 785 3270 aequipararet
802 3225 838 3236 -
855 3192 886 3251 id
905 3193 985 3272 quod
1001 3192 1032 3250 in
1050 3192 1130 3270 regis
1147 3192 1302 3269 captivita-

199 3303 259 3352 tem
276 3293 394 3370 egregie
411 3293 546 3371 quadrat.
1035 3355 1037 3359 ,

248 3395 397 3472 Egressus
423 3402 469 3453 est
490 3402 624 3453 autema
642 3393 753 3451 Iudaea
774 3396 813 3462 is,
839 3396 887 3468 qai
912 3395 1045 3469 copitaoit
1064 3411 1188 3468 prauum
1204 3405 1303 3454 coatm

199 3495 363 3553 Donucam.
414 3493 620 3556 Davanam
643 3488 810 3556 etbvcfr.
835 3493 875 3552 ad
896 3498 976 3553 vv.8
1004 3501 1035 3551 et
1064 3497 1090 3551 9.
1137 3511 1201 3558 ruri
1234 3514 1304 3572 pro·

200 3595 312 3654 misene
333 3593 464 3671 positum
488 3615 555 3656 cam
572 3609 629 3668 xm,
653 3613 795 3670 pravum,
819 3594 930 3652 malum
953 3601 1054 3665 nctat3
1077 3593 1131 3652 cir.
1149 3595 1244 3653 simile
1260 3595 1305 3652 di-

200 3696 285 3755 cendi
310 3713 403 3773 genus
426 3710 501 3758 *nun
523 3709 605 3756 *arun
627 3693 679 3754 Ps.
692 3691 826 3769 XXXV,
844 3699 870 3753 4.
910 3693 1012 3753 Verba
1033 3692 1140 3752 haecce
1162 3694 1200 3754 ad
1223 3695 1305 3754 Rab-

202 3795 286 3857 sakis
302 3795 464 3856 insolentes
481 3803 511 3856 et
527 3803 644 3854 atroces
660 3793 837 3856 iactationes
853 3794 974 3872 plurimi
990 3793 1138 3867 referunt;
1161 3803 1193 3854 at
1207 3795 1305 3871 primo

201 3896 269 3956 loco
292 3897 366 3956 baec
388 3916 450 3956 vox
472 3905 556 3973 patet
577 3896 683 3968 latius,
708 3895 814 3954 deinde
836 3895 899 3972 agit
923 3903 1007 3956 vates
1033 3894 1070 3954 de
1092 3894 1202 3954 iudicio
1224 3895 1307 3956 tinali

201 4017 373 4074 supeream
390 4005 523 4076 gentem,
547 4016 624 4075 quae
645 3996 758 4058 tamdiu
775 3997 916 4056 Israelem
939 3995 1026 4074 quasi
1043 3995 1209 4056 calcaverat
1224 3997 1306 4074 pedi-

200 4099 273 4172 bus;
291 4117 408 4160 omnem
421 4116 493 4178 ergo
506 4097 701 4175 Assyriorum
713 4096 916 4173 inimicitiam,
933 4096 1046 4175 populo
1064 4095 1112 4158 dei
1124 4105 1214 4177 atque
1230 4098 1305 4158 adeo

1059 4204 1098 4255 3⁸
