2954 4808
194 209 239 280 12
615 214 688 276 (lar.
702 215 733 291 1,
752 235 779 276 v.
793 222 870 276 2-6.

190 399 286 460 chald.
304 399 424 477 H.W.);
448 399 517 458 iude
534 399 585 459 Ni.
604 409 655 460 aut
677 401 863 476 purificatum
888 417 969 473 esse,
992 402 1120 479 metaph.
1144 401 1293 462 insontem

191 499 281 559 Num.
295 500 333 573 V,
350 503 400 573 313
417 501 469 560 Ps.
483 501 578 573 XIX,
598 506 629 559 14
646 510 714 584 aut,
739 501 864 579 physico
882 519 984 574 sensu,
1009 521 1149 574 vacuum,
1168 521 1293 562 evacua·

190 612 252 661 tum
275 620 341 661 esse
356 601 487 674 Ies.HI,
505 605 554 674 263
577 599 663 662 Saclr.
678 602 717 675 V,
734 606 768 673 33
795 603 891 678 possit
912 603 973 660 iam
998 611 1123 681 utraque
1148 603 1236 662 etiam
1261 604 1292 662 in

190 703 288 761 forma
302 701 369 760 Piel
386 702 477 762 statui
499 709 632 778 potestas
638 723 647 774 ;
671 711 703 761 at
719 701 837 762 Gnsuu.
856 703 942 776 thes,
959 701 1062 762 Manu.
1081 705 1120 764 al.
1138 704 1202 763 iure
1218 705 1291 764 alte-

190 803 252 863 rius
265 802 469 862 tantummodo
483 803 611 862 afferunt
623 804 775 880 exempla,
793 804 939 862 insontem
953 803 1131 877 declarandi,
1148 803 1291 876 habendi3

190 903 234 964 sic
262 912 366 962 nostm
398 904 464 963 loco
488 903 578 962 LXX
607 904 733 963 reddunt
762 891 879 964 iudos
910 899 969 964 οὐκ
992 890 1167 976 ἆθωῶσει,
1201 904 1291 982 Vulg.

190 1005 336 1064 mundans
349 1022 408 1063 non
424 1004 513 1064 faciet
528 1004 726 1078 innocentem,
743 1004 848 1064 Pesch.
862 993 957 1076 Lauta
975 993 995 1075 ll
1015 1017 1176 1078 ωμοος
1196 1019 1293 1074 cotto

190 1105 265 1164 Pah.
289 1115 335 1164 est
356 1105 526 1180 purificare,
556 1105 729 1178 iustificare,
753 1105 903 1182 impunem
928 1105 1083 1164 dimittere.
1123 1105 1292 1182 Explorato

190 1207 263 1265 haec
280 1205 457 1282 significatio
474 1214 519 1265 est
534 1205 633 1264 Exod.
647 1207 724 1280 XX,
742 1211 773 1278 73
797 1203 886 1265 Dent.
900 1205 938 1280 V,
959 1211 988 1264 ll
1007 1225 1068 1265 non
1083 1206 1209 1266 inultum
1226 1225 1292 1267 esse

189 1307 334 1384 patietur,
362 1306 509 1366 insontem
534 1306 656 1366 habebit
678 1305 813 1368 dominus
836 1325 919 1379 eum,
949 1307 1001 1385 qni
1026 1325 1134 1366 nomen
1159 1308 1222 1368 eius
1252 1309 1291 1366 ad

192 1407 375 1466 mendacium
393 1408 521 1480 confert3
538 1405 628 1466 Dent.
642 1407 679 1482 V,
700 1414 746 1480 113
766 1406 866 1484 illeg.
879 1408 925 1480 11,
944 1412 960 1465 9
966 1427 975 1480 3
993 1407 1045 1466 Ps.
1058 1408 1152 1481 XIX,
1172 1412 1204 1466 13
1221 1407 1289 1484 (cfr.

190 1508 347 1568 Hunosru.
365 1529 392 1567 a.
411 1509 439 1568 h.
457 1509 508 1587 l.);
533 1508 589 1567 ch
600 1509 662 1582 IX,
680 1513 729 1582 283
746 1508 792 1581 X,
813 1513 859 1579 143
883 1509 950 1568 aliis
972 1508 1046 1568 locis
1063 1517 1132 1568 sunt
1149 1509 1201 1586 qui
1217 1509 1291 1568 alte-

190 1629 254 1669 ram
276 1618 459 1683 asseverent,
482 1627 590 1685 purum
611 1609 753 1683 faciendi,
783 1608 803 1666 i.
827 1627 852 1667 e.
876 1609 1008 1670 funditus
1031 1609 1161 1682 delendi,
1189 1610 1289 1670 Exod.

190 1709 339 1783 XXXIV,
362 1715 378 1767 7
402 1719 433 1768 et
453 1709 543 1770 Num.
560 1709 646 1784 XIV,
672 1715 718 1783 183
747 1710 851 1768 leram.
870 1709 981 1784 XXX,
1001 1716 1031 1769 ll
1058 1719 1088 1769 et
1110 1709 1229 1784 XLVI,
1247 1714 1291 1785 28,

191 1811 299 1890 quibus
316 1811 439 1870 alteram
456 1811 556 1888 potine
573 1829 752 1888 magnopere
769 1810 973 1870 existimamus
989 1811 1189 1888 comprobari
1210 1810 1290 1870 Nam

189 1912 249 1971 illis
265 1910 366 1969 Exodi
382 1911 482 1972 verbIs
506 1911 593 1990 qnasi
617 1911 839 1972 fundamentum
856 1918 902 1971 est
917 1912 1017 1970 leod.
1031 1911 1109 1985 XX,
1127 1915 1143 1970 5
1157 1931 1215 1985 ss,
1240 1912 1291 1970 nbi

189 2010 337 2071 Dominus
354 2012 503 2090 energiam
520 2031 604 2072 suam
622 2013 694 2090 (terp
716 2009 771 2094 bu)
782 2013 821 2072 ab
835 2020 960 2090 utraque
969 2021 1065 2089 parte,
1078 2031 1180 2072 amore
1192 2021 1223 2071 et
1234 2012 1289 2087 ira,

191 2101 345 2186 describit,
374 2113 419 2173 ita
445 2122 478 2172 ut
502 2112 677 2173 adiectivum
706 2127 764 2188 urp
791 2113 955 2190 explicetur
981 2114 1096 2174 duobus
1125 2113 1291 2190 partioIpiis

190 2216 247 2290 'liv
266 2229 325 2290 upa
351 2222 381 2274 at
408 2215 477 2275 'run
500 2229 603 2288 utrm,
632 2213 685 2273 cfr.
710 2211 800 2272 Deut.
813 2213 852 2287 V,
876 2218 892 2272 9
912 2233 967 2287 ss.;
996 2215 1057 2274 iam
1087 2233 1159 2274 vero
1189 2214 1289 2272 Exod.

191 2315 339 2390 XXXIV,
367 2320 393 2374 6.
424 2314 535 2372 Ihaec
563 2313 726 2373 enuntiatio
755 2322 785 2372 et
812 2315 992 2390 amplificata
1018 2324 1077 2389 est,
1115 2322 1145 2373 et
1170 2314 1289 2374 inverso

191 2415 294 2474 ordine
314 2415 489 2494 proposita3
516 2415 575 2474 adl.
598 2429 656 2490 unp
678 2413 818 2475 omissum
842 2423 901 2489 est,
930 2416 1052 2494 eiusque
1073 2417 1139 2474 loco
1162 2415 1289 2492 primunr

191 2517 320 2594 quinque
336 2516 485 2575 attributis
499 2515 701 2575 misericordia
716 2515 881 2575 absolvitur
899 2531 978 2582 nour
994 2551 1036 2561 —
1050 2517 1151 2589 'nrum'
1166 2535 1289 2594 sequen-

190 2618 269 2676 tibus
285 2617 390 2693 partic.
409 2633 466 2677 rur
488 2625 518 2675 et
538 2631 618 2690 rrum
645 2617 852 2676 alternantem
869 2617 1106 2694 energiaepars,
1129 2618 1192 2676 irae
1209 2625 1289 2676 tena-

190 2717 279 2791 citas,
297 2737 358 2776 non
375 2716 529 2778 adiectiris
546 2717 738 2794 proponitur,
763 2719 815 2777 sed
832 2718 923 2776 verbo
942 2731 1014 2792 ηρ»
1029 2712 1068 2779 reb
1083 2731 1172 2794 upra,
1196 2736 1289 2796 eaque

189 2837 250 2878 non
268 2818 440 2896 simpliciter
455 2837 556 2877 verum
574 2818 740 2894 composita
755 2817 808 2877 illa
824 2817 922 2895 specie
944 2836 1033 2896 quam
1050 2837 1141 2896 supra
1159 2819 1289 2896 explica·

189 2919 286 2980 riuum
303 2928 441 2992 exarata,
463 2919 495 2978 id
513 2919 593 2997 quod
610 2919 704 2980 altero
721 2937 812 2995 porro
829 2919 989 2996 exponitur
1005 2919 1110 2995 partic.
1128 2921 1204 2994 'upa
1238 2919 1288 2977 Ex

190 3041 250 3100 quo
269 3021 478 3081 sententiarum
495 3039 574 3078 nexu
592 3029 621 3079 et
638 3020 741 3079 ordine
757 3039 823 3078 cnm
841 3035 899 3095 ηρ)
916 3020 1026 3078 habere
1038 3038 1170 3080 sensum:
1187 3019 1289 3079 inson-

189 3131 248 3182 tem
265 3122 429 3182 dimittendi
445 3130 606 3197 appareat,
628 3127 762 3180 vetamur
783 3121 905 3197 insuper
928 3128 1087 3196 praeeunte
1109 3121 1195 3197 siguo
1213 3119 1289 3179 Ath-

189 3224 282 3296 nach,
305 3242 343 3282 ne
364 3223 442 3281 loric
458 3224 497 3280 ad
513 3221 714 3280 antecedentia
729 3222 890 3281 referamus
909 3223 991 3296 'rupit
1009 3229 1039 3279 et
1060 3221 1184 3280 alteram
1206 3221 1288 3279 illam

188 3323 379 3383 admittamus
395 3329 582 3400 potestatem.
617 3319 682 3380 Nec
704 3322 765 3380 alia
790 3321 867 3380 ratio
891 3329 936 3381 est
952 3319 1042 3380 Num.
1056 3321 1147 3394 XIV,
1166 3325 1213 3395 18,
1237 3322 1288 3380 nbi

189 3423 291 3483 eadem
314 3422 475 3482 enuntiatio
497 3422 617 3480 brevius
634 3423 785 3499 repetitur.
819 3422 960 3482 Ieremias
976 3422 1067 3481 verba
1091 3422 1134 3481 alc
1150 3422 1287 3480 audiuntr

189 3526 298 3598 „finem
314 3524 422 3582 inciam
439 3541 504 3582 cunr
522 3521 658 3582 omnibus
676 3522 828 3601 gentibus,
851 3541 911 3601 quo
928 3531 958 3582 te
975 3522 1119 3599 dispcrsi,
1146 3531 1175 3581 te
1192 3523 1288 3582 solnm

126 3661 137 3676 ι
188 3643 247 3684 non
271 3624 474 3700 exstinguam,
498 3624 551 3684 sed
573 3642 639 3682 cum
662 3623 811 3702 aequitate
833 3631 863 3683 tc
885 3623 1043 3700 castigari,
1067 3641 1121 3682 nec
1138 3641 1209 3682 vero
1234 3623 1289 3681 im·

187 3745 295 3804 punem
319 3733 348 3785 te
371 3743 436 3785 csse
459 3725 589 3802 patiar.“
629 3723 770 3805 Sequitur
792 3725 932 3784 continuo
954 3744 983 3783 r.
999 3729 1102 3782 12-14
1124 3723 1289 3800 castigandi

187 3827 307 3888 Israelis
329 3826 505 3902 descriptio,
536 3843 630 3903 ecque
658 3826 863 3884 coniunctione
891 3842 924 3886 *a
953 3843 1088 3884 connexe
1117 3845 1183 3884 cnm
1206 3831 1289 3883 ante-

187 3928 357 3987 cedentibus
373 3941 446 4004 rrprr
464 3923 503 3990 ub
518 3941 605 4002 upra:
623 3945 707 3996 ,pam
724 3927 767 3986 sic
782 3926 914 4004 loquitur
925 3925 1086 3986 Dominus:
1105 3924 1289 4002 desperanda
1357 4005 1363 4010 Π

186 4037 232 4088 est
256 4029 387 4087 sructura
410 4035 476 4102 tua,
507 4045 598 4104 aegra
622 4035 668 4086 cst
691 4027 781 4104 plaga
803 4031 891 4099 tua;“
922 4025 1024 4087 addita
1048 4026 1154 4085 deinde
1175 4043 1289 4103 poenae

186 4147 294 4188 cauma
309 4149 338 4187 v.
354 4131 401 4203 15,
425 4127 611 4188 multitudiue
633 4135 836 4205 peccatorum,
861 4149 888 4187 r.
905 4132 937 4186 16
954 4127 1141 4204 praedicatur
1157 4125 1289 4186 hostium

186 4229 362 4302 destructio,
394 4249 482 4306 quam
512 4228 629 4288 sanatio
660 4238 689 4288 et
719 4229 800 4290 salos
825 4229 945 4289 Israelis
968 4227 1094 4304 excipit,
1125 4247 1154 4287 v.
1174 4229 1287 4287 17-22.
