2954 4784
617 149 688 208 One.
705 148 749 222 ll,
768 169 795 208 v.
810 157 834 208 t.
1232 147 1277 218 51

176 349 274 393 surus
299 331 497 392 sufflationem
521 329 697 408 intelligeret
727 351 823 391 novae
852 333 930 394 vitae
954 335 1073 396 Iudaeis
1103 337 1212 394 factam
1241 337 1280 394 ab

176 434 371 512 Assyriorum
396 433 516 492 interitu
528 433 545 491 ¹.
592 433 642 490 Ex
666 433 877 492 recentioribus
905 435 1115 512 interpretibus
1139 435 1280 495 Guuvlus

177 553 302 610 pravam
318 535 394 592 banc
417 533 572 592 lectionem
588 532 717 595 retinuit.
754 533 869 608 Quibus
891 534 950 594 iam
968 537 1067 596 missis
1092 554 1279 614 quaeramus,

177 635 314 713 quisnam
339 642 499 710 consurgat
523 633 561 693 ad
584 633 826 711 dispergendum,
850 643 879 692 et
906 635 972 712 quis
995 637 1207 713 dispergendus
1232 637 1279 695 sit.

176 735 218 793 Et
240 753 306 793 oum
328 733 490 794 secundum
511 733 714 793 antecedentia
736 734 827 794 verba
844 735 1037 812 Assyriorum
1062 737 1212 795 interitum
1234 736 1280 794 fu-

177 835 239 894 sius
268 835 447 910 descriptum
470 841 689 909 exspectemus,
717 834 862 910 Assyrios
886 855 905 893 a
927 835 1023 895 Medis
1053 845 1082 896 et
1103 836 1279 914 Babyloniis

177 935 389 1012 dispergendos
407 934 611 1010 opinabimur3
636 934 688 993 sed
712 953 772 992 non
794 935 882 1010 pauci
905 934 1043 1012 iudicium
1065 937 1281 1012 suspenderunt

177 1054 197 1093 a
218 1035 328 1095 suffixo
349 1029 489 1108 utsubv,
515 1041 545 1092 et
569 1034 709 1111 quoniam
730 1035 761 1092 in
785 1054 832 1092 vv.
851 1036 1001 1094 antecedd.
1025 1037 1197 1095 femininum
1219 1036 1281 1094 sere

178 1135 319 1194 suffixum
336 1133 461 1191 refertur
478 1134 518 1192 ad
529 1133 649 1206 Iudam,
668 1134 740 1192 haec
757 1153 876 1211 quoqne
893 1135 995 1194 eodem
1013 1137 1161 1212 pertinere
1178 1135 1280 1194 existi-

178 1243 296 1294 marunt
311 1235 388 1305 lom,
406 1233 533 1306 Rusca,
551 1233 680 1306 Kruen,
701 1236 831 1306 Aenus,
849 1234 954 1308 Mrem,
972 1234 1118 1295 Honnsu.
1149 1238 1193 1295 At
1208 1231 1279 1294 vero

176 1335 259 1394 illam
282 1333 414 1411 regulam
437 1353 496 1392 non
514 1342 575 1392 tam
592 1351 694 1393 severe
710 1334 865 1393 observari
888 1335 986 1411 ipsum
1012 1337 1097 1394 docet
1113 1344 1202 1412 caput
1219 1336 1280 1410 pri-

178 1455 258 1494 mum
275 1435 342 1511 (ofr.
360 1455 388 1492 v.
402 1435 447 1511 8),
466 1441 496 1492 ct
512 1434 543 1492 in
560 1453 648 1493 versu
665 1443 767 1494 nostro
786 1433 966 1494 masculinae
982 1435 1150 1512 imperativi
1165 1436 1281 1493 formae

177 1547 353 1614 sequuntur3
384 1553 479 1612 neque
502 1543 563 1608 est,
594 1536 675 1611 quod
699 1535 805 1606 ΗΜ,
835 1535 919 1606 Ew.,
950 1535 1014 1594 iure
1042 1535 1280 1612 improbantibus

176 1636 296 1708 Utrum,
322 1635 436 1706 Mnus,
454 1634 637 1694 correxerint
658 1650 737 1720 rpqep
780 1634 844 1693 Iam
868 1634 919 1712 qui
935 1635 1061 1695 Iudaeos
1086 1635 1280 1710 compellatos

176 1735 359 1812 intelligunt,
377 1742 428 1792 aut
439 1734 638 1811 Assyrium
655 1713 860 1794 ascendentem
877 1735 990 1794 faciunt
1003 1736 1149 1808 Vernus,
1168 1735 1279 1807 Burs,

176 1837 206 1894 id
224 1834 305 1915 quod
322 1835 475 1894 concinere
492 1835 594 1912 nequit
611 1853 677 1893 cum
695 1853 722 1892 v.
739 1838 769 1906 13
788 1834 839 1893 alii
856 1833 1218 1894 Nebucadnezarem
1235 1835 1279 1893 vi·

176 1933 432 2008 dent,H1usou.,
451 1937 583 2007 Annus„
602 1934 715 2006 Duos,
734 1933 845 2006 Cnuv.;
864 1942 896 1994 st
912 1935 984 2012 quid
1001 1935 1279 2012 Hierosolymorum

176 2036 309 2108 eversio,
335 2035 386 2094 ubi
408 2035 445 2093 de
465 2035 652 2094 restituendis
674 2035 773 2110 agitur
788 2034 927 2094 Iudaeis?
961 2033 1099 2113 Denique
1120 2036 1144 2094 I.
1162 2035 1202 2093 H.
1222 2035 1278 2093 ΜΙ-

176 2151 308 2196 cussus
330 2135 367 2194 de
383 2133 503 2194 Christo
531 2143 600 2194 ante
624 2135 729 2193 faciem
751 2133 843 2192 Indae
867 2135 929 2194 sive
945 2134 1112 2206 Ecclesiae,
1136 2142 1278 2212 tanquam

176 2237 329 2297 adsertore
345 2254 381 2293 ac
396 2234 513 2294 vindice
529 2235 703 2294 ascendente
720 2233 858 2305 cavillat,
881 2233 949 2293 coll.
968 2235 1056 2293 Mich.
1070 2234 1116 2308 II,
1136 2237 1184 2306 13,
1210 2232 1278 2310 Sy·

176 2337 318 2395 riacam
343 2343 460 2395 secutus
484 2336 667 2407 versionem,
697 2353 773 2410 quae
795 2334 839 2392 sic
865 2334 926 2392 fere
950 2334 1084 2394 exhibet:
1119 2333 1280 2407 „escendit

177 2437 282 2495 ductor
298 2427 466 2516 (luppo)
483 2443 551 2494 ante
569 2445 613 2507 te,
632 2441 661 2492 et
677 2434 868 2492 excubiarum
886 2434 1058 2507 excubitor,
1083 2443 1113 2494 et
1128 2434 1196 2494 viae
1213 2452 1280 2510 spe-

177 2537 306 2608 culator,
330 2543 360 2594 et
377 2519 559 2594 sustentator
582 2535 763 2606 lumborum,
787 2543 817 2592 et
834 2533 1048 2595 validissimum
1065 2535 1157 2594 robur
1174 2531 1236 2594 eius
1242 2537 1278 2606 ;“

176 2655 278 2696 verum
302 2636 451 2694 enimvero
472 2631 597 2712 utrubu
619 2634 709 2693 habet
729 2633 903 2711 plerumque
931 2634 1039 2694 hostile
1064 2635 1195 2712 aliquid,
1225 2633 1279 2693 cfr}

177 2736 294 2797 (iussu.
313 2737 388 2795 thes.
406 2753 436 2811 p.
452 2738 532 2807 1028,
551 2754 605 2793 neo
621 2734 708 2793 unius
725 2734 783 2792 loci
801 2733 967 2810 excipiendi
985 2733 1062 2793 Gen.
1077 2735 1218 2806 XXXII,
1236 2738 1278 2792 21.

175 2841 210 2894 22
227 2845 342 2896 tantum
358 2835 475 2912 pondus
493 2843 552 2906 est3
570 2842 603 2893 ut
619 2833 806 2906 omittamus,
824 2833 951 2892 Messiae
968 2834 1148 2910 cogitatione
1165 2841 1281 2894 senten·

176 2936 286 2996 tiarum
316 2936 449 2993 ordinem
471 2953 651 3010 magnopere
675 2933 799 2992 turbari.
825 2965 862 2976 -—
896 2933 1094 2991 Referendum
1119 2950 1190 3009 ergo
1220 2933 1281 2992 sui·

176 3039 270 3096 fixum
288 3037 326 3094 ad
342 3035 454 3094 Ninum
471 3034 691 3106 existimamus,
709 3042 739 3092 et
754 3033 938 3109 imperativis
956 3051 1040 3110 seqq.
1059 3032 1205 3109 appellari
1221 3034 1282 3091 As*

178 3137 306 3213 syrium,
329 3135 537 3212 dissipatorem
554 3146 652 3193 autem
670 3151 735 3194 esse
751 3153 805 3192 neo
821 3133 925 3192 Medos
948 3132 1030 3192 solos
1048 3132 1095 3191 vel
1113 3131 1282 3208 Cyaxarem

178 3234 473 3312 (Prso.,Gnor1us),
491 3253 546 3293 nec
555 3233 722 3294 Chaldaeos
739 3234 820 3293 solos
838 3233 886 3291 vel
898 3231 1174 3310 Nabopolassarem
1188 3231 1282 3308 (Onu-

178 3339 281 3414 unr.),
300 3335 511 3412 sedlutrosque
528 3352 588 3393 una
604 3353 733 3412 persona
750 3333 987 3411 comprehensos.

230 3436 319 3495 Prius
339 3453 410 3494 vero
428 3453 518 3513 quam
535 3433 636 3495 hostes
653 3434 857 3511 aggredientes
875 3432 1038 3506 describat,
1058 3433 1163 3492 acerbe
1178 3429 1283 3490 irridet

181 3544 265 3596 vates
276 3536 431 3612 Assyrios,
449 3553 486 3593 ne
499 3534 627 3594 nominis
644 3534 690 3594 sui
703 3533 947 3593 obliviscerentur
964 3531 1102 3610 gloriam,
1121 3532 1173 3592 sed
1189 3532 1283 3606 probe

178 3655 244 3698 sese
261 3635 448 3711 accingerent
463 3643 553 3712 atque
569 3634 686 3693 fortiter
701 3633 898 3692 defenderent.
923 3633 959 3690 Id
975 3632 1056 3709 quod
1073 3638 1216 3708 quattuor
1231 3630 1283 3687 ab·

179 3736 306 3797 solvitur
322 3735 460 3794 numeris.
500 3747 572 3800 'rtur
595 3734 730 3810 plerique
745 3733 812 3792 intt.
830 3733 906 3790 bene
922 3738 1089 3791 statuerunt
1108 3746 1174 3788 esse
1190 3727 1289 3802 infim,

230 3994 256 4056 l)
274 3996 430 4046 eucnemon
449 3994 481 4045 dc
498 3996 600 4046 ctvitate
617 3994 668 4044 Dei
685 3991 795 4053 XVIII,
813 3991 855 4040 31.
892 3987 971 4052 ,Quis
995 3988 1167 4051 ascenderit,“
1194 3992 1284 4055 inquit,

181 4078 229 4140 ,ab
246 4078 350 4140 interis,
369 4084 394 4127 et
411 4077 579 4128 insufflaverit
595 4078 622 4126 in
639 4077 732 4128 lactem
749 4074 845 4136 Iudae,
862 4073 911 4123 hoc
928 4079 981 4135 est,
1004 4071 1160 4124 Iudaeorum
1178 4073 1286 4138 discipu·

180 4163 262 4212 lomm
281 4159 406 4227 Spintum
423 4167 551 4222 sanctum,
569 4161 679 4222 recolat,
696 4159 739 4224 qui
758 4159 873 4208 meminit
889 4155 1083 4221 Evangelium.“

434 4248 440 4255 .
1045 4240 1086 4290 4,
