2954 4808
256 557 366 618 Montes
384 561 599 618 contremiscunt
614 575 710 616 coram
721 575 766 626 co,
784 566 811 615 et
826 557 908 616 collas
924 558 1093 632 ttqeccunc
1111 567 1139 616 ct
1154 559 1311 620 conclamat

206 669 285 718 terro
303 677 378 736 proc
392 668 543 734 conspectu
558 662 631 728 cius,
654 667 682 718 ct
697 659 771 716 orbeis
788 668 942 728 tetrorum,
965 668 991 716 et
1009 677 1101 718 omncs
1117 659 1167 734 qui
1181 659 1311 718 duditant

204 764 235 818 tc
252 778 292 818 so.
331 759 526 837 Progreditn'r
541 767 626 819 vates
643 759 682 818 ed
705 777 754 832 ea,
780 777 858 837 qnae
878 757 1049 819 firmissima
1069 758 1146 819 alias
1163 759 1309 833 videntur,

205 860 247 920 ad
263 872 395 933 montes,
423 868 453 919 et
475 859 515 918 ad
537 879 655 919 omnem
677 860 798 919 omuino
814 867 959 919 terrarum
976 861 1093 934 orbem,
1116 875 1182 920 cum
1203 859 1309 920 incolis

205 961 278 1020 eius.
312 960 396 1020 Inest
411 969 510 1021 autem
528 961 674 1039 quaedam
690 960 827 1038 gradatio
843 960 875 1019 iu
892 960 1090 1037 descriptione
1102 963 1214 1033 eorum,
1232 980 1310 1038 quae
1415 1037 1419 1048 Ι

205 1060 335 1139 quidque
351 1061 496 1136 patiatur:
520 1079 602 1120 mare
617 1069 648 1120 et
664 1061 755 1120 fluvia
768 1059 973 1134 exsiccantur,
994 1061 1190 1139 languescunt
1204 1061 1308 1134 silvae,

204 1179 294 1234 arva,
316 1160 441 1234 hortuli3
465 1161 670 1220 concutiuntur
693 1169 791 1220 autem
815 1169 946 1236 montes,
970 1161 1172 1222 dissolvuntur
1188 1161 1309 1220 omnino

204 1261 311 1335 colles,
329 1269 360 1320 et
375 1261 515 1322 atrociter
531 1262 717 1322 conclamant
732 1261 903 1339 eiulautque
918 1261 1080 1322 animantia
1097 1261 1200 1320 omnia
1205 1305 1213 1334 ,
1232 1279 1309 1340 quae

204 1363 287 1422 orbis
305 1370 449 1422 terrarum
474 1362 692 1444 complectitur3
716 1370 868 1438 postremo
891 1381 996 1439 rupes,
1023 1380 1083 1442 quo
1100 1362 1174 1422 nihil
1196 1362 1309 1440 firmius

203 1463 374 1540 duriusque,
387 1463 564 1540 franguntur
577 1471 607 1522 et
622 1463 850 1522 contunduntur.
864 1492 901 1506 -
925 1470 1015 1541 mm,
1032 1462 1079 1522 cui
1092 1471 1251 1540 cognatum
1264 1471 1310 1522 est

204 1581 252 1626 rae
274 1563 326 1623 Ps.
340 1562 461 1636 XVIII,
479 1567 496 1624 8
518 1579 584 1626 ovi
603 1564 676 1624 ibid.
694 1572 724 1628 et
745 1561 857 1624 isam.
869 1563 979 1636 XXH,
997 1566 1014 1622 8
1037 1563 1075 1623 de
1095 1563 1247 1622 montibus
1264 1562 1308 1622 di·

204 1672 284 1725 ctum
306 1663 396 1722 etiam
417 1663 469 1724 Pe.
482 1663 600 1738 XLVI,
623 1670 655 1737 43
684 1665 737 1723 err.
764 1664 860 1724 simile
882 1663 998 1722 dicendi
1021 1681 1114 1742 genus
1134 1662 1200 1723 Iud.
1212 1663 1252 1735 V,
1274 1669 1307 1723 lc

204 1763 370 1839 ,‚Domina,
395 1781 461 1824 cum
477 1763 576 1824 exires
593 1785 610 1824 a
626 1763 708 1838 seir,
723 1747 798 1823 ⁴cum
818 1765 969 1825 incederes
991 1764 1132 1825 ebarcis
1148 1763 1308 1838 Idumaeis,

203 1864 381 1926 contremuit
396 1873 476 1924 terra
492 1871 524 1924 et
540 1865 617 1924 coeli
632 1865 814 1944 stillarunt&
839 1865 891 1926 Ps.
901 1865 1044 1939 LXVIII,
1058 1870 1090 1938 93
1106 1863 1229 1938 Michl,
1241 1869 1268 1924 3.
1280 1869 1308 1926 l.

157 1957 160 1961 ’
204 1980 280 2033 rino
295 1973 329 2024 ut
349 1983 439 2042 saepe
456 1983 524 2025 cum
542 1965 640 2026 verbis
652 1966 784 2040 timendi,
798 1974 828 2025 et
840 1965 1308 2039 eamcamnoatnaxxxvn,

203 2069 253 2138 to,
279 2075 309 2125 et
325 2083 474 2126 recessum
490 2085 564 2142 prae
580 2066 701 2140 timore,
724 2067 777 2126 cir.
795 2066 900 2140 111‚r,
923 2066 981 2125 Ios.
994 2065 1086 2138 XIII,
1106 2069 1153 2137 133
1176 2083 1309 2142 synony-

204 2185 284 2226 mum
308 2183 433 2243 prorsus
456 2174 519 2239 est,
544 2167 626 2244 quod
650 2167 798 2245 seqnitur,
820 2182 914 2228 runco.
952 2165 1189 2225 Hoennmsrrrme
1214 2183 1309 2242 appo-

204 2267 277 2327 site:
302 2268 474 2326 schauerten
492 2285 552 2326 ron
576 2268 701 2328 dannen.
736 2267 848 2326 Forma
863 2265 1020 2343 Hithpalel'
1034 2281 1135 2328 anunm
1158 2264 1204 2325 bis
1222 2283 1308 2341 prae·

204 2379 286 2427 terea
301 2367 450 2426 invenitur
465 2368 535 2427 Am.
547 2367 611 2441 IX,
630 2372 678 2441 13,
704 2368 757 2428 Pa.
773 2366 872 2440 CVII,
891 2371 940 2439 263
962 2368 1040 2428 inest
1064 2365 1167 2426 eadem
1190 2365 1309 2444 quidem

204 2475 337 2545 potestas
360 2485 396 2527 ac
418 2469 451 2528 in
468 2469 490 2528 i.
509 2467 572 2528 Kal
593 2477 623 2528 et
643 2468 706 2540 Ni,
724 2467 890 2540 diffluendi,
916 2475 948 2526 ut
970 2481 1050 2546 nnn,
1071 2480 1156 2547 can,
1177 2473 1207 2526 at
1228 2481 1309 2546 ppo,

204 2569 318 2629 accedit
333 2577 432 2628 autem
448 2569 494 2642 id,
519 2570 600 2647 quod
617 2569 766 2647 peculiare
780 2569 849 2628 huic
865 2567 973 2644 speciei
996 2575 1057 2641 est,
1082 2575 1112 2628 et
1136 2568 1217 2646 qnod
1234 2566 1309 2628 dilu-

205 2670 271 2730 cide
287 2669 465 2746 perstrinxit
480 2669 709 2730 Dnmzscmus
720 2669 801 2728 Hab.
818 2687 849 2746 p.
859 2671 922 2728 155:
940 2668 1051 2742 ,Zwar
1063 2667 1214 2748 Wirkung
1230 2668 1311 2728 elner

207 2775 349 2832 tusseren
365 2769 514 2844 Ursaehe,
536 2771 624 2844 aber,
642 2771 721 2830 nach
734 2770 957 2847 emplangenem
971 2767 1086 2844 Impnls
1102 2787 1162 2828 von
1178 2770 1309 2841 hussen,

207 2871 270 2932 sich
291 2871 447 2931 innerhalb
470 2871 523 2930 dee
547 2868 683 2947 subjecte
705 2871 865 2948 gleichsam
887 2869 918 2928 in
942 2870 1153 2946 iortgesetnten
1173 2868 1310 2930 Schwin·

206 2989 322 3050 gungeu
346 2972 446 3032 selbst‘
459 2971 682 3046 vollniehend,“
713 2972 766 3030 cfr.
791 2985 898 3048 iopam
919 2969 1008 3028 Mich.
1021 2969 1052 3041 I,
1069 2973 1101 3040 43
1123 2980 1235 3030 nivium
1255 2969 1308 3028 Pe.

206 3073 322 3146 XVIII,
333 3076 364 3145 ὃς
378 3088 497 3153 rreum,
517 3087 627 3136 ncne-r
640 3073 698 3132 Ies.
705 3071 822 3144 XXIV,
835 3075 881 3143 193
903 3065 1027 3145 spaera
1045 3065 1309 3140 Ierem.IV,ttalI

207 3172 269 3234 ch.
287 3174 354 3233 Ew.
372 3173 486 3250 §Illa
520 3173 684 3232 Difflnendi
705 3181 803 3232 autern
826 3170 967 3248 cogitatio
992 3169 1115 3247 proprio
1139 3186 1227 3228 sensu
1249 3177 1310 3229 sta·
1333 3177 1335 3182 '

207 3275 316 3334 tuenda
341 3273 410 3346 erit,
433 3274 503 3333 licet
524 3274 604 3333 intra
624 3273 783 3350 imaginem
808 3280 837 3331 et
858 3272 1019 3344 visionem,
1043 3289 1140 3348 neque
1162 3287 1234 3329 vero
1257 3289 1311 3346 per

207 3374 428 3436 similitudinem
444 3374 566 3451 pavoris
582 3383 616 3433 nt
631 3374 684 3436 Ps.
697 3372 797 3446 CVII,
814 3377 862 3445 263
886 3373 994 3444 XXII,
1013 3375 1062 3443 153
1079 3369 1182 3444 XLII,
1200 3373 1234 3443 ὃς
1256 3389 1312 3431 nec

207 3484 240 3534 ut
261 3475 368 3552 frigide
385 3473 527 3535 Gaorms
544 3495 673 3553 „aquam
697 3475 824 3547 edunt,“
841 3473 909 3532 call.
926 3472 1026 3531 Exod.
1039 3471 1146 3546 XVII,
1164 3476 1197 3543 63
1219 3470 1310 3532 Num.

208 3576 286 3649 XX,
304 3581 352 3648 203
377 3576 479 3635 eadem
495 3594 544 3636 ree
561 3583 621 3650 est,
639 3575 706 3636 aliis
722 3576 785 3634 fere
801 3592 945 3650 expressa
961 3573 1076 3644 verbis,
1095 3571 1152 3631 les.
1162 3570 1245 3642 LIV,
1264 3576 1311 3644 103

208 3676 288 3736 Hab.
301 3675 357 3750 111,
376 3681 408 3748 ὃς
426 3675 514 3737 sach.
525 3676 611 3750 XIV,
624 3682 656 3750 43
674 3675 810 3736 diffluunt
823 3681 857 3734 ut
868 3674 945 3733 nivis
957 3681 1009 3732 aut
1025 3689 1110 3732 cerae
1127 3687 1200 3746 prce
1214 3671 1313 3730 calore

208 3787 238 3836 et
253 3778 322 3854 igne
339 3777 519 3856 (Boanum).
554 3775 617 3836 cfr.
635 3777 687 3838 Pe.
700 3775 833 3848 XCVII,
851 3777 883 3847 53
901 3773 989 3832 Mich.
1002 3773 1033 3845 Ι,
1050 3777 1083 3843 43
1102 3771 1247 3844 „materia
1263 3789 1313 3830 eo·

208 3895 274 3936 rum
291 3878 322 3936 in
339 3877 405 3954 agri
422 3876 574 3954 planitiem
593 3879 678 3956 quasi
696 3877 791 3936 effusa
807 3883 837 3933 et
854 3874 966 3933 deiecta
983 3877 1058 3934 est.“
1084 3871 1231 3932 Homer.

258 3979 363 4057 Pergit
384 3985 469 4038 vates
491 3977 522 4036 in
544 3978 727 4039 hemistichia
757 3977 866 4036 altero:
903 3985 930 4034 et
952 3975 1108 4034 conclamat
1138 3979 1216 4032 terra
1241 3989 1315 4048 proc

202 4081 282 4153 scote
306 4083 382 4148 eiuc5
407 4079 451 4139 sic
473 4079 551 4138 enim
574 4079 659 4138 unice
675 4077 750 4138 verti
766 4094 856 4153 posse
873 4076 1076 4136 contendimus
1093 4079 1191 4164 amur.
1234 4072 1315 4134 Satis

211 4190 308 4240 autem
332 4181 432 4241 varies
455 4178 487 4238 in
513 4189 614 4256 partes
636 4181 828 4256 iuterpretum
851 4177 961 4238 abeunt
981 4177 1151 4238 sententiae.
1193 4178 1224 4254 1)
1241 4174 1315 4236 Ver-

1075 4287 1091 4335 2
1103 4286 1116 4314 1
