2954 4784
190 179 235 250 62
596 185 669 245 One.
683 185 729 259 ll,
749 206 777 244 v.
793 189 870 244 1-5.

189 378 294 443 untur,
318 369 409 447 quid?
441 369 521 447 quod
538 372 681 430 suburbia
706 371 767 430 iam
784 379 932 446 ceperunt.
965 383 1059 437 nstin
1079 369 1152 446 vici,
1175 371 1291 449 plateae

189 478 273 543 sunt,
291 489 386 547 neque
403 488 474 528 vero
492 473 587 548 campi
604 470 723 547 (Hmz,
738 471 873 548 Mirum),
894 489 971 547 quae
987 478 1121 547 potestas
1139 473 1223 532 unice
1239 495 1293 533 vam

188 572 230 629 let
245 571 336 630 Prov.
349 570 439 642 VIII,
457 575 507 642 263
530 572 704 630 coniunctae
719 571 799 640 haud
824 589 893 628 raro
915 571 1052 648 leguntur
1070 589 1135 629 cum
1163 589 1291 648 nmini,

188 671 314 747 plateis,
333 679 367 729 ut
383 678 485 728 nostro
503 670 570 730 loco
586 672 630 730 ita
646 672 697 731 Ps.
712 671 849 743 CXLIV,
869 674 972 743 13.14;
996 673 1064 730 Am.
1078 672 1104 745 Ι,
1126 677 1175 743 16;
1198 672 1289 732 Prov.

187 772 212 844 Ι,
231 775 265 828 20
271 792 279 843 3
303 770 354 846 qui
370 771 447 828 hanc
464 789 584 848 quoque
600 791 702 831 vocem
724 771 822 830 locum
839 771 994 847 aequalem
1010 780 1040 830 et
1057 772 1220 848 spatiosum
1238 791 1291 830 no-

189 880 253 930 tare
277 867 783 950 contendunt(GanV1US,H1rz.)‚
808 871 889 930 omni
911 879 1084 948 argumento
1109 872 1183 931 satis
1205 873 1290 930 firmo

188 971 401 1042 destituuntur3
425 972 601 1047 propensius
625 973 663 1032 ad
685 972 838 1031 veritatem
854 970 1001 1030 Hostum.
1026 971 1083 1044 „in
1105 972 1162 1031 viis
1178 972 1290 1030 extrin-

188 1089 271 1132 secus
284 1071 420 1147 circaque
432 1072 470 1129 ad
483 1073 585 1134 urbem
598 1071 771 1131 ducentibus
779 1076 810 1146 “,
828 1078 944 1131 secutus
961 1071 1050 1129 LXX
1067 1063 1102 1132 ἓν
1122 1068 1196 1141 ταῖς
1216 1060 1289 1142 ἑξό-

188 1169 261 1244 cong
289 1170 384 1248 (Cod.
403 1171 499 1229 Vatia
519 1160 640 1251 ὁδοῖς).
680 1170 821 1232 Suburbii
845 1171 922 1229 enim
947 1171 1063 1248 plateas
1084 1170 1290 1246 intelligendas

144 1298 146 1302 ¹
188 1274 266 1332 infra
285 1271 460 1331 videbimus.
498 1289 581 1335 :nnn
604 1266 724 1345 ibbnm,
749 1273 802 1331 cfr.
820 1271 923 1330 larem.
936 1271 1048 1344 XLVI,
1067 1275 1097 1343 93
1122 1270 1197 1328 Poel
1215 1268 1287 1345 (cfr.

187 1374 239 1432 Ps.
255 1372 320 1444 CII,
339 1376 355 1428 9
361 1392 370 1442 ;
391 1370 465 1430 Coh.
479 1372 520 1445 ΙΙ,
538 1374 568 1450 2)
586 1380 616 1430 et
632 1370 786 1448 Hithpolel
803 1389 838 1430 eo
855 1372 995 1431 recedunt
1011 1391 1030 1430 a
1046 1371 1169 1448 reliquis
1185 1363 1290 1430 formis¹

187 1473 271 1532 verbi
291 1467 366 1548 bbn,
390 1471 471 1548 quod
495 1492 514 1530 a
536 1471 709 1549 splendendi
731 1480 761 1530 et
781 1471 968 1547 superbiendi
989 1469 1110 1531 notione
1129 1471 1237 1530 abeunt
1257 1471 1289 1528 in

187 1575 305 1633 affinem
321 1573 403 1631 illam
427 1571 570 1630 stultitiae
592 1581 682 1649 atque
697 1572 840 1631 insaniae.
878 1571 1011 1632 Insanire
1033 1580 1131 1631 autem
1153 1570 1290 1628 dicuntur

187 1693 307 1747 currus,
325 1671 467 1749 singulari
481 1672 634 1732 collectivo
652 1672 870 1749 comprehensi,
889 1673 928 1730 ob
940 1673 1089 1749 ingentem
1100 1670 1287 1744 celeritatem,
1321 1741 1324 1744 Ι

187 1795 247 1852 qua
263 1775 320 1831 huc
336 1773 407 1830 illuc
423 1773 562 1844 avolant3
582 1791 700 1849 „supra
717 1774 877 1831 humanum
894 1773 956 1832 fere
972 1791 1102 1844 morem,
1126 1771 1182 1829 erit
1199 1788 1288 1846 quae-

187 1875 256 1933 dam
277 1871 396 1932 insania
413 1871 553 1932 divinitus
576 1865 736 1932 immissa“
760 1872 925 1932 (laevinus
965 1871 1134 1948 Simplicem
1150 1871 1227 1929 banc
1244 1878 1289 1930 at·

186 1993 244 2052 quc
260 1973 397 2031 idoneam
414 1972 578 2031 insaniendi
597 1971 856 2049 significationem,
875 1973 1077 2048 exemplorum
1089 1973 1212 2050 insuper
1228 1971 1288 2029 evi-

185 2075 285 2133 dentia
302 2073 418 2131 abunde
435 2073 657 2148 comprobatam
675 2072 742 2148 (cir.
760 2072 863 2131 Ierem.
876 2072 979 2146 XXV,
999 2077 1046 2144 lt,
1064 2071 1182 2143 XLVI,
1200 2076 1226 2143 9,
1252 2070 1287 2144 L,

184 2177 234 2248 38,
253 2175 308 2246 LI,
328 2175 375 2251 7),
398 2171 580 2251 reliquerunt
595 2173 685 2231 LXX
707 2160 989 2253 συγχυθήσονται,
1014 2171 1151 2230 Hmaon.
1172 2179 1288 2230 contur-

185 2273 248 2333 bati
265 2282 348 2346 sunt,
375 2274 414 2331 ob
436 2273 615 2332 venientium
631 2271 845 2332 multitudinem
869 2281 903 2331 ut
919 2281 1066 2350 nequeant
1082 2271 1222 2345 discerni,
1246 2281 1288 2330 te-

85 2395 88 2400 ·
185 2375 294 2433 marius
311 2373 399 2431 etiam
413 2371 582 2447 Sossonn,
595 2371 798 2446 Scuuurnss,
815 2371 942 2433 Sonam.
956 2371 1015 2430 lex.
1030 2373 1188 2432 secundum
1205 2373 1287 2432 arab.
1319 2399 1322 2408 ·

186 2461 240 2539 dis
258 2473 373 2545 excuti,
397 2471 551 2548 dissipari,
574 2491 668 2532 ruere.
699 2473 821 2532 Insania
843 2480 941 2531 autom
958 2473 1091 2532 ornatius
1108 2473 1233 2531 refertur
1250 2473 1288 2532 ad

184 2592 321 2631 curruum
345 2581 456 2630 motum
478 2572 590 2648 ipsum,
615 2590 704 2649 quam
726 2572 765 2632 ad
789 2581 904 2634 actores
922 2571 1069 2650 (Dans).
1088 2605 1125 2616 —-
1149 2565 1289 2648 Amplius

184 2674 262 2731 idem
280 2671 413 2748 pingitur
439 2691 487 2730 vv.
506 2687 637 2737 nmina:
655 2686 830 2748 prpmpnun,
858 2673 1001 2732 cursitant
1021 2671 1053 2730 in
1070 2672 1186 2749 plateis.
1219 2687 1289 2749 ppt>

185 2772 248 2830 Ioel
259 2771 299 2844 ΙΙ,
314 2777 330 2828 9
348 2771 430 2830 audit
447 2772 606 2844 cursitare,
623 2790 676 2830 nec
688 2772 821 2848 reliquus
832 2773 915 2832 verbi
932 2791 1003 2832 usus
1020 2773 1110 2831 aliam
1126 2773 1222 2832 innuit
1234 2791 1289 2850 po·

96 2909 98 2913 ,
184 2881 334 2944 testatem3
355 2891 414 2930 non
428 2880 472 2932 cst
484 2855 589 2949 igitur,
610 2871 690 2949 quod
705 2890 863 2949 sequamur
874 2873 964 2931 LXX
982 2860 1288 2954 συμπλακήσονται,

184 2972 319 3031 Hranon.
346 2971 442 3031 collisi
464 2980 550 3043 sunt,
574 2971 702 3045 Causa,
728 2973 795 3030 Ew.
817 2992 927 3032 rennen
951 2972 1015 3032 sich
1039 2992 1104 3044 um,
1131 2974 1177 3031 vel
1200 2974 1288 3033 etiam

184 3071 365 3132 Onnvruuu:
384 3073 573 3148 „percutient
590 3089 697 3131 coxam
710 3071 749 3130 ad
761 3089 867 3130 coxam
880 3072 1055 3150 praenimia
1067 3071 1288 3133 festinationc.“

235 3173 270 3230 ln
294 3173 388 3230 altero
412 3173 543 3230 membro
567 3172 710 3230 fluctuant
731 3171 920 3248 interpretes,
952 3191 1082 3250 quonam
1104 3173 1288 3234 referendum

185 3272 224 3332 sit
249 3272 315 3330 suff.
334 3273 401 3330 fem.
420 3285 543 3347 tamam
575 3271 656 3330 nullo
674 3271 794 3348 negotio
813 3272 908 3332 nodus
931 3273 1087 3349 expeditur
1110 3293 1129 3331 a
1153 3272 1288 3348 Gnsvm,

185 3371 237 3449 qui
255 3371 410 3429 confestim
427 3370 530 3430 scribit
545 3384 681 3447 onrnnm
704 3371 772 3444 alii,
791 3372 843 3449 qui
860 3391 925 3431 cum
942 3372 1057 3431 ratione
1075 3373 1175 3448 potius
1192 3381 1222 3432 at
1239 3376 1288 3435 dc-

184 3471 358 3530 liberatione
381 3479 489 3548 agunt,
515 3473 543 3549 1)
565 3471 604 3530 ad
624 3489 726 3530 currus
748 3473 895 3546 referunt,
921 3472 1036 3532 Gnsnn.
1055 3473 1145 3545 thes.;
1178 3482 1210 3533 at
1227 3491 1288 3535 :nn

184 3572 293 3649 ubique
310 3588 400 3629 masc.
414 3570 529 3647 generis
547 3579 610 3644 est,
628 3571 696 3629 fem.
715 3589 780 3630 cunr
799 3567 890 3631 totius
908 3589 1011 3631 versus
1028 3573 1143 3630 ratione
1159 3583 1272 3651 pugnat
1278 3597 1287 3646 ;

184 3674 214 3751 2)
233 3673 335 3732 Maus.
354 3671 480 3730 neutrali
505 3691 594 3731 sensu
610 3687 668 3747 pro·
688 3671 725 3728 iis
748 3672 836 3732 rebus
858 3672 981 3748 accipit,
1005 3691 1082 3749 quae
1104 3672 1136 3730 in
1154 3674 1288 3734 curribus

183 3773 313 3851 fulgent,
340 3780 430 3848 atquc
452 3771 526 3838 adeo
552 3789 662 3830 meram
688 3770 817 3829 admittit
838 3772 1042 3848 repetitionem
1060 3792 1108 3830 vv.
1130 3774 1160 3831 'n
1175 3773 1202 3830 'n
1215 3785 1287 3833 rba:

184 3894 213 3933 v.
230 3879 263 3945 43
288 3875 320 3951 3)
337 3871 432 3931 satius
450 3880 508 3944 est,
532 3891 598 3930 cum
620 3870 840 3930 Hoxuuunnno
857 3872 1027 3948 proximum
1050 3872 1122 3930 illud
1143 3872 1288 3949 respicere

185 3988 312 4037 marni:
330 3959 446 4048 plateae
464 3971 612 4030 continuis
630 3969 717 4048 quasi
732 3969 847 4030 facibus
863 3971 976 4049 fulgere
993 3971 1137 4031 videntur.
1163 3973 1288 4032 Absona

184 4081 229 4130 est
245 4072 420 4129 Mrcuaams
437 4071 582 4130 sententia
606 4071 642 4128 de
664 4069 757 4130 oculis
780 4071 904 4152 militum
929 4071 1100 4130 ardentibus
1118 4072 1286 4149 cogitantis,

183 4189 277 4244 aeque
300 4189 334 4228 ac
352 4170 492 4228 Varium
509 4171 545 4228 de
562 4171 689 4246 pudore,
715 4190 773 4247 quo
793 4172 950 4231 rubescunt
967 4169 1161 4248 Assyriorum
1179 4165 1285 4232 vultus.
