2954 4808
173 189 276 234 xxvm
526 173 768 234 Paounnounna.
794 171 867 232 Car.
885 172 925 232 11.

174 364 205 416 et
222 355 415 433 ignominiam
432 355 552 430 ultoris,
575 359 608 416 in
624 357 762 418 exsilium
778 363 1065 435 transportarentur,
1084 365 1174 435 atque
1190 357 1281 431 adeo,

175 457 368 534 quodmodo
392 457 475 533 passi
497 466 581 518 erant
603 459 771 530 israelitae,
800 458 879 518 idem
906 458 981 535 ipsis
1003 458 1175 533 propediem
1199 459 1274 518 acci-

174 557 265 616 deret.
296 559 398 636 Atque
422 577 457 617 ea
481 558 697 618 formidosius
715 559 805 618 dubio
828 559 1046 637 exaugcbatur,
1069 557 1094 617 si
1114 559 1180 635 quis
1197 560 1276 619 forte

173 666 274 716 vatum
298 659 407 731 verba,
430 658 526 718 obiter
544 668 631 719 antea
649 661 766 733 audita,
790 661 1010 732 recordaretur,
1034 659 1085 736 qui
1102 659 1185 735 ipsas
1205 660 1273 720 illas

173 756 328 818 Samariae
349 759 531 820 calamitates
552 759 670 822 Iudaeis
695 781 814 839 quoque
836 762 949 821 instare
975 759 1193 818 nuntiaverant.
1231 762 1275 819 At

174 878 245 918 vero
263 859 372 936 exigua
397 860 516 936 piorum
531 860 655 920 Domini
679 881 831 922 servorum
855 861 982 939 reliquia
1008 859 1094 918 aliter
1111 868 1175 920 erat
1190 861 1275 920 insti-

173 968 257 1020 tuta:
280 961 395 1036 priores
419 961 497 1020 enim
520 962 683 1038 prophetae
707 981 821 1022 summo
845 963 922 1022 inter
944 981 976 1022 se
1001 979 1147 1020 consensu
1169 962 1275 1020 docue-

174 1069 259 1134 rant,
284 1061 514 1121 internecionem
531 1063 648 1122 Iudaeis
670 1082 731 1121 non
754 1063 792 1122 ab
810 1062 961 1141 Assyriis,
984 1080 1085 1122 verum
1108 1081 1127 1120 a
1143 1061 1275 1139 Babylo·

176 1161 234 1221 niis
250 1161 290 1219 iri
304 1171 452 1238 paratum.
478 1161 679 1223 Nihilominus
696 1163 733 1222 iis
751 1183 884 1241 quoque,
908 1163 960 1240 qui
985 1163 1042 1220 hoc
1058 1161 1196 1238 religiose
1212 1181 1279 1221 me·-

175 1260 336 1337 minerant,
354 1262 455 1340 gravis
473 1272 537 1322 erat
552 1271 583 1322 et
595 1265 702 1323 acerba
714 1264 843 1323 maxime
853 1264 931 1340 regis
941 1263 1123 1339 asportatio:
1142 1281 1273 1322 summae

176 1362 254 1422 enim
271 1364 388 1423 futurae
404 1363 509 1423 salutis
525 1365 757 1440 promissiones,
780 1385 857 1442 quae
878 1363 991 1441 populo
1009 1363 1096 1422 datae
1113 1371 1211 1437 erant,
1235 1364 1274 1423 ad

172 1463 285 1541 regiam
295 1464 423 1524 Davidis
439 1465 573 1524 sobolem
588 1466 750 1524 haerebant
766 1466 939 1538 adstrictae;
953 1482 1007 1522 rex
1024 1464 1129 1540 igitur,
1148 1472 1180 1522 ut
1192 1465 1270 1522 lere-

174 1565 251 1623 miae
269 1559 367 1625 ve'rbis
385 1573 463 1638 utar,
481 1585 568 1624 verae
580 1566 700 1626 Israelis
718 1565 839 1642 spiritus
857 1565 956 1626 vitalis
974 1564 1070 1636 erat¹;
1089 1584 1185 1642 neque
1203 1583 1272 1624 vero

172 1665 369 1743 ignorabant,
387 1666 418 1724 in
435 1685 504 1743 rege
520 1667 705 1744 Babylonem
723 1666 850 1726 abducto
871 1667 962 1726 totius
979 1665 1083 1742 populi
1100 1665 1203 1724 eodem
1220 1666 1274 1724 ali·

173 1767 293 1845 quando
316 1767 473 1826 abiiciendi
498 1767 605 1844 pignus
631 1768 723 1852 latere
753 1777 783 1827 et
810 1766 1028 1845 quodammodo
1056 1764 1243 1842 praesagium
1252 1764 1271 1825 ².

174 1866 296 1927 Cunctis
312 1867 404 1945 igitur
421 1887 534 1927 summo
552 1887 687 1926 moerore
704 1878 733 1927 et
748 1858 906 1927 formidIne
923 1867 1073 1940 sollicitis,
1100 1886 1165 1926 cum
1182 1866 1276 1927 nullis*

172 1968 262 2029 sociis
284 1969 452 2045 respublica
473 1969 677 2044 adiuvaretur,
700 1969 760 2027 imo
784 1969 911 2029 inimicis
934 1969 1063 2045 undique
1085 1975 1114 2026 et
1135 1967 1273 2028 hostibus

172 2069 353 2129 circumdata
365 2078 458 2143 esset,
476 2071 639 2130 cavendum
651 2089 829 2148 magnopere
842 2079 919 2144 erat,
938 2091 976 2129 ne
986 2069 1191 2146 desperatione
1205 2088 1271 2128 cor·

172 2171 250 2247 rapti
266 2169 296 2228 in
314 2170 490 2229 atrociorem
508 2170 596 2229 ctiam
614 2173 829 2230 contumaciam
846 2180 876 2230 et
891 2170 1083 2247 pertinaciam
1095 2171 1272 2246 praecipites

172 2270 305 2343 abirent;
323 2279 366 2344 et,
384 2290 450 2329 cum
467 2271 559 2331 totius
571 2272 674 2348 populi
687 2272 833 2331 evertendi
849 2280 963 2347 tempus
976 2271 1183 2348 praestitutum
1198 2277 1278 2328 noh-l

171 2373 241 2430 dum
255 2371 397 2444 uenisset,
415 2371 525 2431 electae
542 2381 639 2431 autem
656 2373 773 2450 piorum
790 2372 933 2448 reliquiae
941 2373 972 2429 in
986 2373 1043 2430 fide
1056 2379 1085 2430 et
1102 2361 1270 2431 obedientia

172 2473 392 2532 conservandae
405 2481 516 2532 essent:
535 2473 652 2531 fortiter
667 2482 751 2532 erant
763 2474 911 2546 monendi,
929 2493 966 2532 ne
984 2475 1021 2532 ab
1040 2472 1174 2548 Assyriis
1193 2493 1270 2531 nunc

171 2573 230 2633 sibi
245 2569 357 2632 instare
373 2573 531 2650 perniciem
548 2574 698 2647 timerent,
718 2575 774 2644 ,sed
797 2574 901 2634 leviter
918 2573 1054 2652 castigati
1072 2573 1151 2630 bono
1169 2573 1267 2632 animo

170 2683 290 2751 recepto
316 2675 354 2732 ab
376 2674 563 2733 idololatriae
585 2675 701 2736 insania
718 2675 931 2751 resipiscerent.
959 2676 1060 2752 Atque
1076 2675 1132 2732 boo
1150 2674 1266 2751 quidem

170 2775 345 2836 consolandi
362 2793 468 2832 munus
480 2773 620 2832 Nahumo
637 2775 799 2834 iniunctum
817 2784 876 2848 est,
896 2776 947 2852 qui
959 2774 1077 2834 Iudaeis
1091 2794 1175 2835 suum
1188 2775 1277 2850 ipso-1

169 2895 236 2935 rum
252 2875 402 2934 interitum
425 2875 596 2935 timentibus
614 2877 807 2954 Assyriorum
829 2877 930 2952 potius
954 2875 1181 2934 internecionem
1198 2893 1267 2952 pro·

169 2977 285 3054 pediem
302 2986 472 3036 eventuram
490 2976 590 3035 divino
608 2977 714 3053 spiritu
730 2977 887 3036 instInctus
904 2977 1070 3053 proposuit.

222 3121 247 3182 l)
265 3121 318 3172 Cir.
337 3120 435 3170 Threni
451 3117 501 3180 IV,
519 3121 566 3181 203
590 3119 668 3169 Mioh.
687 3119 736 3181 IV,
754 3119 784 3181 9,
807 3119 864 3170 eoll.
884 3119 1009 3169 Hunnsra.
1032 3118 1152 3170 Chr-lstol.
1171 3115 1226 3183 111,
1244 3125 1270 3169 et

169 3205 297 3270 Ossrsmo
318 3219 342 3256 a
353 3205 379 3254 h.
391 3205 408 3254 l.
554 3195 556 3200 ’

220 3289 246 3351 2)
264 3289 337 3350 Quae
354 3305 411 3340 cum
428 3291 466 3340 ita
483 3291 547 3352 sint,
565 3298 660 3340 temere
676 3289 802 3340 iudicasse
820 3297 928 3352 apparet
944 3289 1079 3340 Ilsnvnarc
1097 3288 1164 3338 Einl.
1181 3288 1224 3351 II,
1241 3289 1267 3350 b,

168 3391 193 3440 p.
205 3376 269 3437 374,
285 3390 343 3424 cam
354 3380 527 3426 asseveraret:
547 3375 618 3437 „Das
629 3375 760 3438 Ereigniss
776 3374 898 3424 achron.
910 3374 1049 3435 XXXIII,
1063 3375 1092 3422 ll
1106 3372 1176 3422 kann
1190 3372 1268 3422 sebon

168 3461 253 3510 saluar
274 3462 396 3510 iusseren
412 3459 565 3524 Bedautung
586 3459 664 3520 nach,
688 3460 726 3508 als
749 3461 791 3508 eiu
814 3459 874 3509 bald
897 3458 951 3508 und
975 3457 1042 3508 ohne
1064 3472 1152 3521 grosse
1170 3458 1269 3524 Folgen

168 3544 407 3609 voribergeheudes
423 3558 471 3608 gar
487 3543 557 3594 nicht
574 3545 600 3592 in
619 3542 741 3592 Betracbt
758 3543 902 3594 kommen.“
934 3541 1007 3603 Quae
1024 3550 1109 3592 autem
1127 3543 1270 3592 subiunxit:

169 3631 251 3694 ,noch
268 3631 382 3692 weniger
398 3629 475 3690 aber,
501 3641 576 3678 wenu
594 3643 653 3677 man
671 3631 741 3677 selue
760 3629 850 3678 innare
867 3627 1020 3691 Bedautung
1038 3629 1086 3677 iu’s
1104 3629 1180 3689 Auge
1197 3626 1270 3676 fasst.

166 3716 275 3768 Damals
292 3730 348 3766 war
364 3728 392 3763 as
410 3715 468 3763 eino
484 3712 602 3778 geraehte
619 3711 705 3763 Straio
722 3713 768 3762 des
785 3713 885 3788 Herm,
907 3712 974 3762 dano
991 3712 1134 3774 bestimmt,
1156 3728 1199 3761 um
1222 3712 1269 3762 das

166 3801 320 3865 abtrdnnige
337 3798 406 3850 Volk
423 3798 477 3848 trud
494 3798 586 3848 dassen
603 3796 691 3862 Konig
708 3813 753 3848 aar
769 3795 919 3862 Besinnung
942 3813 973 3848 nu
991 3798 1064 3847 rufsn
1081 3796 1134 3846 und
1152 3797 1269 3847 desselbe

166 3886 281 3949 angloich
304 3887 379 3936 einen
396 3883 573 3935 Vorscbmaek
594 3884 678 3933 saines
701 3883 767 3934 naha
790 3883 1011 3932 bevorstehenden
1029 3881 1190 3933 Schicksales
1215 3896 1267 3932 cm·

165 3971 269 4038 phnden
287 3987 318 4020 au
335 3970 435 4020 lassan“
449 3983 528 4019 —oa
545 3976 702 4034 quantopere
719 3974 833 4018 nostram
852 3967 1005 4017 sententiam
1023 3966 1185 4028 confirment,
1204 3968 1267 4017 satis

165 4069 290 4122 superque
311 4054 461 4118 indigitassa
483 4055 558 4104 nobis
581 4053 710 4115 videmur,
731 4053 882 4118 praesertim
905 4051 949 4100 ubi
965 4050 1067 4099 Iesaiae
1089 4065 1266 4113 comparamus

166 4139 371 4203 similitudinem,
392 4141 449 4204 qui,
473 4140 623 4190 annuntiato
646 4138 738 4188 exsilio
756 4135 916 4200 Babylonico
935 4152 956 4185 c.
976 4135 1109 4196 XXXIX,
1133 4136 1266 4186 confestim

165 4225 246 4290 pergit
264 4225 355 4276 aXL:
378 4231 505 4281 rov'nrt
528 4231 602 4280 inm
625 4211 714 4282 ivm!
