2954 4808
182 230 223 294 ua
527 209 772 268 Pnouuaonnnnt
800 208 874 267 Gar.
891 207 931 266 ΙΙ.

182 402 307 472 pareant
329 394 495 464 referendc3
518 401 580 452 tum
606 411 692 465 vero,
715 393 785 452 licet
810 391 902 451 multa
924 409 979 467 per
1000 391 1100 450 secula
1125 391 1286 469 Assyrium

183 514 290 556 nomen
307 495 337 554 in
354 495 384 552 ll.
402 513 442 554 ss.
460 512 521 552 non
539 494 718 569 reperiatur,
738 512 773 553 eo
790 503 889 552 tamen
906 500 1054 568 tompore,
1072 511 1132 570 quo
1150 493 1190 552 ad
1207 511 1286 551 sum-

183 615 262 656 mum
284 595 435 671 potentiae
457 594 611 672 fastigium
634 595 727 654 evecti
751 595 849 654 subito
872 593 911 652 ad
935 593 1084 652 interitum
1110 593 1287 670 praecipites

183 714 303 772 vergere
322 703 496 772 coeperunt,
515 696 589 755 satis
608 697 729 772 copiose
746 696 955 772 suppeditant,
982 714 1058 771 quae
1075 695 1113 753 ad
1131 694 1286 754 historiam

184 816 286 858 eorum
303 798 396 872 probe
414 797 645 856 concinnandam
662 797 837 873 pertineant.

234 899 278 956 At
294 917 364 956 vero
383 907 514 956 veterum
532 897 708 972 scriptores,
732 897 782 973 qui
800 905 967 972 temporum
985 895 1178 971 Assyriorum
1194 896 1286 954 ratio-

184 1017 237 1058 nes
254 995 441 1073 potissimum
458 1006 701 1072 composuerunt,
727 997 748 1055 ii
772 998 872 1056 multis
896 997 1023 1072 primum
1046 996 1152 1056 seculis
1177 997 1225 1054 vel
1248 999 1285 1055 ab

185 1117 288 1160 everso
306 1117 397 1175 regno
416 1097 587 1168 abfuerunt,
606 1117 659 1156 neo
676 1107 774 1156 utrum
787 1097 956 1156 domesticis
967 1115 1069 1156 eorum
1083 1097 1214 1156 fontibus
1227 1097 1286 1174 ipsi

184 1199 294 1260 inerint
309 1198 371 1271 usi,
395 1217 451 1274 pro
470 1206 550 1256 certo
568 1197 710 1256 affirmari
728 1206 842 1274 potest3
865 1217 1049 1275 requerere
1073 1198 1147 1256 fides
1171 1198 1208 1256 iis
1226 1216 1297 1256 non.

185 1317 294 1376 magna
310 1300 447 1358 habenda
464 1307 558 1371 esset,
583 1300 703 1376 siquae
728 1299 871 1358 Bonosus
895 1309 925 1357 et
949 1301 1119 1356 Aernnnus
1148 1299 1287 1375 eBaby·

185 1401 350 1472 loniorum,
369 1399 500 1460 Ornsras
519 1400 708 1460 ePersarum
731 1400 840 1460 tabulis
861 1399 988 1475 publicis
1007 1398 1184 1472 elicuerunt,
1201 1419 1287 1458 accu-

185 1512 250 1560 rate
267 1510 366 1560 essent
383 1501 531 1576 descripta
547 1509 638 1576 atque
654 1500 790 1576 ipsorum
807 1501 944 1560 manibus
962 1509 1087 1559 exarata
1097 1501 1136 1558 ad
1148 1519 1204 1560 nos
1220 1519 1287 1576 per·

185 1602 349 1673 venissent3
381 1611 413 1660 at
442 1620 514 1660 vera
541 1601 625 1660 falsis
656 1620 837 1677 magnopere
860 1601 1002 1660 exhibent
1024 1601 1205 1674 commixta,
1234 1619 1288 1659 nec

185 1702 279 1762 libros
296 1719 397 1760 eorum
415 1701 546 1776 integros
564 1703 746 1777 accepimus,
771 1703 823 1760 sed
840 1702 1007 1778 fragmenta
1023 1709 1139 1760 tantum
1155 1721 1209 1777 per
1226 1721 1288 1760 ma·

186 1797 242 1862 nus
260 1811 307 1862 sat
324 1801 431 1860 multas
449 1820 558 1878 easque
576 1802 655 1860 haud
676 1821 793 1878 semper
816 1810 970 1864 accuratas
992 1803 1111 1860 tradita.
1137 1802 1288 1862 Horono-

187 1919 243 1962 rus
261 1909 358 1960 autem
375 1901 530 1978 (quoniam
548 1903 677 1977 amplum
697 1903 759 1963 eius
777 1904 813 1960 de
828 1903 965 1980 Assyriis
983 1921 1058 1978 opus
1076 1911 1127 1960 aut
1144 1923 1203 1960 non
1221 1923 1288 1979 per·

187 2002 329 2078 scriptum
352 2011 397 2062 est
420 2011 473 2061 aut
495 2013 660 2079 temporum
684 2004 793 2062 iniuria
820 2004 1034 2081 deperditum),
1058 2022 1118 2062 non
1136 2005 1288 2064 universas

186 2103 296 2180 populi
306 2123 354 2162 res
371 2103 590 2179 complectitur,
608 2124 709 2163 verum
729 2104 861 2180 singulas
875 2105 961 2181 quasi
973 2105 1186 2180 praetereundo
1198 2105 1288 2163 inter·

187 2207 256 2264 dum
274 2204 383 2281 tangit,
402 2213 501 2264 tamen
517 2205 695 2282 gravissima
712 2206 857 2281 quaedam
876 2205 1004 2264 stamina
1016 2205 1146 2280 praebet.
1169 2204 1287 2264 Horum

185 2299 276 2383 igitur
293 2313 323 2365 et
339 2304 466 2364 aliorum
484 2307 668 2382 quorundam
687 2305 813 2381 scripta,
840 2306 890 2383 qui
908 2300 1039 2364 minoris⁴
1055 2306 1086 2364 in
1103 2307 1160 2364 hoo
1180 2325 1287 2382 genere

186 2406 327 2465 momenti
345 2414 427 2477 sunt,
452 2406 541 2464 modo
560 2407 715 2483 diiigenter
732 2415 761 2465 et
778 2415 914 2466 accurate
930 2407 1006 2466 inter
1023 2425 1055 2466 se
1072 2407 1288 2466 contendantur

186 2516 277 2584 atque
301 2506 552 2582 perpensitentur,
584 2509 633 2565 ubi
662 2509 768 2566 idoneo
806 2508 992 2566 continentur
1023 2525 1184 2580 consensu,
1216 2507 1290 2567 satis

188 2607 287 2683 magui
308 2606 445 2666 facienda
468 2608 619 2680 videntur,
640 2601 790 2685 'quoniam
812 2628 860 2668 res
882 2609 1078 2685 Assyriorum
1103 2618 1239 2668 accurate
1262 2617 1291 2666 et
1368 2646 1370 2650 .

188 2709 309 2784 copiose
332 2717 484 2768 enarratas
509 2729 528 2767 a
551 2710 665 2768 nemine
678 2710 853 2785 accepimus.
879 2708 977 2768 Nobis
990 2717 1088 2768 autem
1102 2729 1206 2786 parum
1220 2728 1289 2786 pro·

187 2810 316 2884 positum
343 2818 404 2879 est,
435 2809 472 2868 de
502 2809 595 2869 variis
625 2829 726 2870 eorum
756 2810 876 2869 calculis
905 2818 934 2868 et
960 2809 1147 2886 opinionibus
1171 2811 1290 2870 uberius

187 2910 369 2985 disceptare,
392 2911 567 2984 praesertim
591 2930 656 2969 cum
673 2921 777 2970 nostra
795 2910 937 2969 memoria
954 2911 1137 2986 comparatio
1155 2911 1208 2970 illa
1225 2911 1290 2969 dili-

187 3011 358 3088 gentissime
376 3031 394 3069 a
411 3007 562 3070 nonnullis
580 3031 627 3070 vr.
647 3013 696 3071 dd.
714 3011 849 3071 instituta
867 3010 939 3083 sit¹3
964 3031 1041 3088 quae
1057 3031 1118 3069 non
1135 3012 1292 3070 videantur

187 3112 365 3184 omittenda,
392 3131 427 3169 ea
450 3131 503 3170 suo
528 3131 647 3189 quoque
670 3113 736 3171 ioco
761 3111 960 3184 monebimus3
991 3131 1051 3170 non
1074 3113 1290 3187 praetermitta-

76 3209 87 3228 ⁴
187 3231 252 3270 mus
270 3217 367 3270 tam'en
385 3220 505 3286 notare,
524 3213 700 3272 seutentiam
718 3232 835 3286 eorum,
855 3213 922 3290 qui,
941 3232 978 3271 ne
996 3212 1131 3272 Crnsmn
1147 3213 1290 3272 indiciaa

186 3312 313 3370 Bonoso
331 3313 548 3372 etHsnonoro
562 3323 591 3372 et
608 3315 639 3372 ll.
658 3333 698 3374 ss.
717 3313 806 3373 nimis
831 3314 1048 3389 discreparent,
1067 3313 1178 3389 duplex
1194 3316 1291 3391 Assy·

187 3411 300 3471 riorum
317 3431 440 3489 regnum
463 3413 557 3472 fuisse
581 3415 787 3490 opinarentur,
814 3397 898 3473 vetis
917 3415 1066 3491 quoddam
1081 3414 1291 3473 ineuntenono

189 3532 217 3571 a.
232 3511 287 3572 Ob.
309 3513 408 3572 seculo
434 3533 568 3574 eversum
594 3516 683 3588 illud,
710 3524 738 3573 et
761 3514 900 3587 alterum,
920 3515 974 3574 sub
991 3516 1078 3573 finem
1096 3534 1120 3574 s.
1138 3516 1217 3574 sexti
1240 3533 1292 3573 ex·

186 3688 387 3700 ———-—-—...

239 3823 265 3885 1)
282 3824 334 3874 Cir.
347 3831 449 3888 praeter
466 3832 566 3874 ceteros
579 3825 621 3874 W.
635 3825 771 3874 Hermann
782 3825 988 3876 Exercitationes
1002 3825 1179 3886 Herodoteas,
1196 3837 1263 3888 spec.
1277 3823 1291 3871 1

187 3907 220 3955 ds
236 3907 314 3956 rebus
330 3910 496 3972 Assyriorum
508 3910 588 3972 18373
607 3921 644 3969 sp.
658 3907 687 3956 II
705 3907 737 3957 de
755 3916 840 3960 vetere
857 3910 994 3961 Medorum
1011 3910 1185 3973 regn018433
1203 3922 1240 3970 sp.
1250 3908 1292 3957 111

186 4003 270 4039 rerum
288 3992 428 4054 Lydiarum
446 3994 570 4056 particula
587 3993 615 4055 I,
634 3993 708 4044 1851.
743 3993 823 4045 Hisce
840 3996 929 4046 diebus
950 3996 1064 4046 libellum
1086 3995 1150 4042 satis
1174 3998 1291 4042 accurate

185 4077 356 4137 conscriptum
368 4078 449 4127 edidit
461 4079 500 4127 Io.
512 4077 639 4128 ermr:
657 4091 742 4127 rerum
753 4080 920 4143 Assyrisrum
933 4088 1050 4142 tempora
1065 4079 1210 4128 emendata.
1228 4077 1292 4126 Bre-

185 4161 263 4223 viter,
286 4175 351 4223 quae
369 4160 401 4210 de
418 4162 585 4224 Assyriorum
603 4165 679 4214 rebus
696 4163 793 4214 tradita
810 4172 883 4226 sunt,
902 4167 969 4216 inter
986 4180 1013 4214 se
1031 4171 1181 4226 comparata
1198 4176 1292 4226 propo·-

185 4245 235 4293 suit
252 4245 371 4294 Wmnnus
390 4245 470 4297 R.W.
489 4263 511 4298 a.
524 4264 548 4298 v.
