2954 4808
476 187 502 262 §-
520 192 554 244 5.‡
571 188 621 245 Da
639 205 735 248 araus
754 192 966 268 Aesruroaou.
1168 213 1278 256 xxxvii

177 370 251 428 dunt
263 376 361 428 autem
375 388 554 446 magnopere
566 371 604 430 ab
616 389 720 430 eorum
736 393 881 435 consensu
893 373 1048 436 Seremus
1059 377 1068 410 ¹
1080 387 1110 438 et
1121 379 1276 453 Lucrino,

176 489 243 528 oum
268 470 391 546 singulis
416 471 510 548 siguis
534 471 636 532 literas
661 474 799 550 deinceps
823 477 956 552 singulas
984 497 1100 554 semper
1125 479 1278 556 indigitari

176 580 389 630 asseverarent.
415 571 483 632 Nos
494 573 627 650 quidem,
646 574 741 634 abhis
754 576 859 636 studiis
873 577 977 650 alieni,
991 589 1164 654 argumenta
1175 599 1276 640 eorum

176 671 352 732 strutiones
371 673 531 734 diiudicare
548 692 607 732 nou
625 675 771 748 valemus3
794 677 862 752 plus
879 687 977 736 tamen
995 680 1142 738 communi
1158 681 1276 740 illorum

176 773 338 832 sententiae
355 774 542 837 tribuendum
560 774 733 851 opinamur,
758 797 847 854 quam
864 779 967 837 horum
985 780 1118 856 ingenio,
1142 793 1277 857 praeser-

175 874 228 931 tim
246 891 311 931 cum
328 873 447 933 illorum
464 893 569 952 agmen
587 876 675 935 ducat
691 876 858 952 stmas„
876 879 1136 953 cordatissimus,
1155 882 1276 958 amplis·

176 974 250 1034 simo
268 975 472 1052 exemplorum
489 984 637 1052 apparatu
658 977 834 1050 instructus,
859 980 905 1037 cui
923 999 1037 1039 summa
1058 982 1089 1040 in
1111 983 1167 1040 hac
1190 983 1276 1042 disni-

175 1075 260 1149 plina
282 1055 444 1136 auotoritas
470 1078 507 1135 ab
534 1077 670 1136 omnibus
693 1080 877 1152 conceditur3
906 1079 1012 1158 reliqui
1036 1091 1150 1155 autem,
1173 1083 1226 1160 qui
1249 1083 1276 1140 ei

175 1176 355 1249 assentiunt,
375 1196 502 1254 quorum
519 1178 638 1237 nomina
655 1189 684 1237 et
700 1179 767 1255 ipsa
784 1199 892 1257 magno
910 1200 975 1239 cum
993 1183 1105 1242 honore
1123 1183 1275 1259 appellan-

176 1285 238 1347 tur,
264 1276 353 1354 longe
375 1279 452 1336 inter
474 1297 506 1338 se
530 1279 639 1338 diversi
663 1281 830 1340 studiorum
848 1281 1047 1356 institutione,
1072 1292 1101 1342 et
1119 1283 1276 1344 domiciliis

176 1377 322 1452 separati,
353 1377 449 1455 ignari
471 1380 645 1456 plerumque
666 1399 785 1453 eorum,
819 1401 895 1458 quae
923 1383 1027 1440 eodem
1057 1385 1119 1442 fere
1144 1393 1276 1460 tempore

176 1478 541 1556 quisqueclaboraverit,
573 1481 604 1538 hi
632 1482 755 1557 inquam
780 1483 819 1540 ad
844 1482 966 1540 eandem
989 1485 1134 1543 rationem
1159 1485 1276 1542 adducti

175 1579 292 1636 fuerint.
314 1579 420 1658 Neque
437 1600 508 1640 vero
525 1581 592 1639 ideo
611 1583 646 1640 de
665 1583 847 1657 singularum
863 1585 1022 1659 figurarum
1041 1585 1071 1642 vi
1088 1593 1117 1642 et
1129 1593 1277 1660 potestate

176 1681 381 1752 consentiunt3
406 1701 476 1739 nam
494 1683 651 1741 secuudum
669 1701 717 1740 vv.
736 1683 784 1740 dd.
808 1683 981 1742 seutentiam
999 1693 1189 1744 enecatorum
1207 1687 1276 1744 titu-

177 1781 273 1838 lorum
291 1782 452 1858 explicatio
476 1781 654 1859 gravissima
677 1782 848 1841 difficultate
872 1785 1014 1859 premitur
1037 1805 1087 1856 ea,
1110 1787 1191 1863 quod
1217 1805 1276 1846 non

176 1881 274 1940 solum
288 1881 377 1940 iidem
391 1883 455 1941 soni
468 1883 560 1941 variis
574 1882 666 1958 siguis
684 1883 903 1959 exprimuntur,
930 1905 1031 1944 verum
1049 1887 1136 1945 ctiam
1158 1888 1275 1946 caedem

176 1984 303 2058 figurae,
327 1983 379 2041 ubi
403 1983 528 2042 dirersis
553 1983 648 2042 modis
671 2003 738 2042 cam
762 1985 829 2043 aliis
853 1985 1023 2044 coniunctae
1049 1996 1078 2044 et
1095 1987 1277 2063 compositae

176 2083 368 2156 exhibentur,
385 2084 473 2160 louge
487 2083 620 2143 diversos
633 2093 738 2143 notare
751 2086 865 2144 sonitus
877 2084 1045 2160 putantur²‚
1061 2087 1146 2145 sicuti
1158 2088 1276 2144 omniuo

177 2185 298 2260 Assyrii
315 2185 345 2242 in
362 2184 557 2243 inscribendis
575 2185 675 2244 cuneis
693 2187 766 2244 eatis
784 2184 940 2244 arbitraria
957 2187 1067 2245 versati
1093 2205 1157 2246 esse
1174 2187 1277 2245 existi·

177 2284 328 2357 mantur³3
347 2285 459 2342 accedit
476 2285 580 2361 ingens
597 2286 748 2362 signorum
767 2285 959 2360 multitudo⁴‚
985 2305 1074 2363 quam
1092 2307 1183 2364 supra
1200 2288 1277 2346 dixi·
1318 2324 1320 2329 ,

176 2404 257 2455 mus3
280 2405 334 2443 uec
356 2387 562 2461 grammatices
587 2387 660 2446 satie
684 2389 785 2446 firmas
809 2395 949 2464 ratasque
971 2388 1068 2446 adhuc
1091 2389 1209 2465 regulas
1232 2389 1277 2446 in-

174 2485 404 2562 vestigaverunt.
426 2486 513 2546 Unde
530 2488 720 2563 repetendum
739 2496 797 2560 est,
823 2488 904 2565 quod
925 2505 1027 2564 regum
1051 2487 1139 2547 etiam
1156 2489 1277 2547 nomina

176 2587 224 2644 vel
242 2587 370 2646 eiusdem
389 2588 561 2664 systematis
578 2589 696 2663 patroni
714 2588 787 2648 satis
806 2588 930 2648 diversis
948 2589 1044 2648 modis
1066 2591 1204 2666 legerint3
1229 2609 1277 2647 ve-

175 2687 232 2745 luti
250 2688 355 2763 palatii
371 2687 590 2747 Khorsabadici
608 2689 962 2774 conditorevaawmras.
979 2698 1067 2748 autea
1084 2690 1209 2749 docebat
1226 2709 1278 2766 ap·

175 2788 283 2864 pellari
301 2789 503 2861 Arkot-sin⁵‚
528 2798 632 2864 postea
656 2789 818 2867 Sargina⁶,
845 2810 932 2866 quem
955 2791 1079 2849 eundem
1102 2791 1191 2850 etiam
1213 2789 1278 2850 Sal·

176 2981 376 2990 —.—----

230 3136 255 3196 1)
272 3135 324 3184 Gir.
343 3134 389 3182 das
407 3132 525 3182 Aualand
547 3132 626 3192 1852,
644 3131 694 3180 No.
706 3132 764 3181 265.

229 3219 255 3280 2)
273 3219 325 3269 Cir.
335 3219 461 3268 staats
471 3217 614 3267 Commeat.
633 3216 650 3263 l.
663 3217 680 3263 l.
698 3217 809 3265 Memoir
821 3233 844 3280 p.
858 3218 882 3266 3.
902 3217 1062 3268 Gravissima
1070 3219 1189 3284 deinceps
1207 3223 1280 3284 sigua

178 3303 306 3366 quomodo
317 3309 485 3366 usurpentur,
502 3303 529 3350 in
542 3301 591 3350 hoc
601 3300 667 3349 libro
685 3302 812 3366 explicare
830 3303 926 3366 incepit
944 3319 966 3352 v.
980 3303 1021 3366 d.;
1041 3312 1067 3354 at
1084 3306 1183 3355 duabus
1199 3306 1280 3356 literis

177 3389 215 3436 ita
232 3389 347 3438 tractatis
363 3388 388 3448 (a
407 3393 432 3436 et
449 3387 487 3448 e),
509 3384 589 3434 editio
607 3386 691 3448 operis
708 3386 851 3450 interrupta
867 3401 949 3450 neque
967 3388 1050 3439 adhuc
1067 3392 1216 3440 continuata
1233 3397 1279 3438 eat

178 3497 211 3506 —
228 3472 273 3520 err.
292 3471 403 3522 Gaurus.
421 3472 438 3519 l.
451 3472 468 3519 l.
486 3487 510 3534 p.
524 3473 556 3519 10
569 3485 601 3519 aa.

230 3556 256 3617 3)
275 3555 329 3607 cfr.
349 3556 458 3607 Gaurus.
476 3556 494 3603 l.
506 3555 523 3604 1.
541 3571 565 3618 p.
579 3557 619 3604 18.
651 3553 795 3604 Secundum
815 3557 869 3606 eius
888 3573 910 3605 v.
930 3556 954 3604 d.
973 3560 1126 3607 seutentiam
1143 3558 1280 3607 inscriben-

169 3625 267 3689 'dorum
286 3641 416 3690 titulorum
434 3640 550 3702 magistri
568 3639 711 3699 interdum,
729 3653 761 3688 ne
780 3640 840 3702 quid
858 3640 1063 3703 confunderetur,
1082 3644 1160 3706 signis
1178 3641 1280 3704 quibus·

179 3725 239 3774 dam
257 3726 354 3776 cavisse
372 3726 502 3786 videntur,
521 3724 565 3774 cfr.
583 3740 608 3788 p.
621 3723 662 3772 26.

229 3806 256 3868 4)
274 3809 324 3858 246
343 3809 446 3858 diversa
468 3795 546 3872 sigua*
559 3809 690 3872 proposuit
713 3815 739 3856 et
762 3808 853 3870 partim
877 3809 1058 3870 interpretatus
1082 3814 1121 3856 est
1143 3807 1281 3858 Remissa

178 3893 384 3943 ludiscrimiuate
400 3895 444 3942 list
461 3894 491 3943 ol
505 3894 632 3957 Assyriau
650 3892 807 3954 characters3
830 3907 854 3941 v.
872 3892 982 3941 Journal
1000 3891 1029 3940 ol
1044 3891 1087 3940 the
1104 3890 1189 3953 Royal
1206 3893 1282 3941 Asia·

178 3976 324 4041 ticSociety
342 3981 394 4029 vol.
405 3980 479 4040 XIV,
493 3983 522 4040 1,
539 3981 566 4027 iu
585 3993 635 4040 quo
655 3976 782 4026 volumine
800 3977 875 4024 simul
892 3977 1036 4025 continetur
1053 3973 1226 4038 Babylonicae
1243 3976 1282 4025 iu-

180 4064 324 4126 scriptionis
333 4064 527 4116 Behistuuensis
546 4062 724 4126 interpretatio
743 4067 770 4109 et
787 4061 888 4124 saepius
906 4059 1038 4109 laudatum
1050 4058 1113 4108 illud
1133 4059 1281 4121 „Memoir‹“

230 4147 257 4209 5)
274 4147 327 4198 Cir.
346 4149 525 4210 Commentary
545 4164 568 4210 p.
582 4149 613 4198 51
627 4161 660 4196 se.

232 4234 257 4297 6)
275 4233 327 4284 cfr.
346 4235 509 4286 Athenaeum
529 4232 612 4293 1850,
630 4231 682 4281 No.
692 4231 771 4290 1243,
788 4244 813 4293 p.
825 4229 875 4279 903
886 4244 909 4278 a.
928 4227 1046 4312 Outliues
1057 4245 1081 4292 p.
1093 4231 1135 4280 26.
