2954 4808
472 195 498 268 §.
516 196 542 250 5.
570 194 620 250 Dn
639 209 735 251 naurs
755 195 963 252 Assrmoenn.
1180 213 1265 284 xxpv

160 377 211 436 uni
233 375 399 436 Lozzaro¹
423 376 461 435 de
486 377 707 455 indoeuropaea
731 377 832 436 indole
857 395 1031 453 persuasum
1057 387 1118 452 est,
1149 381 1265 441 etiamsi

161 478 326 536 aramaioas
352 476 468 554 aliquot
493 497 581 540 voces
604 479 782 554 deprehendi
808 497 866 536 non
889 479 1041 555 negaverit
1048 501 1057 552 3
1087 499 1141 539 nec
1166 489 1264 540 tamen

160 579 273 650 defuit,
299 578 351 655 qui
375 577 599 638 eChinensium
622 599 757 641 sermone
780 580 891 656 optime
913 581 968 639 has
991 580 1093 640 literas
1117 581 1263 642 illustrari

160 676 360 755 opinaretur².
395 677 575 754 Diserepant
599 689 697 738 autem
723 701 771 744 vv.
790 681 839 741 dd.
864 700 914 752 eo,
942 680 1022 758 quod
1046 681 1097 739 alii
1120 681 1264 742 sincerum

160 778 368 840 Semiticarum
389 779 557 855 linguarum
579 789 715 840 naturam
740 781 772 839 in
793 781 846 839 illa
869 799 1042 857 expressam
1067 800 1132 842 esse
1155 791 1263 856 tenent,

159 897 202 945 na
232 877 383 952 Saucorr',
419 877 603 955 sirmium,
641 880 906 954 Loawnnsrnan⁵,
935 881 1166 955 8818118116,
1198 901 1263 942 oum

160 979 421 1040 Rnwnmsonrus²
437 980 589 1057 alphabeti
605 983 750 1041 rationem
768 991 797 1040 et
814 981 957 1040 nonnulla
973 983 1034 1040 alia
1045 983 1264 1059 Aegyptiacum

160 1081 273 1158 aliquid
291 1081 370 1139 olere
387 1082 593 1156 contenderet3
618 1083 650 1141 id
675 1083 756 1160 quod
779 1101 839 1140 non
856 1082 945 1158 plane
961 1083 1064 1140 abnuit
1080 1082 1263 1156 Hmusrus⁸,

160 1182 305 1240 Arianam
323 1189 422 1242 tamen
437 1190 575 1242 naturam
588 1182 744 1244 Semitioae
760 1183 868 1242 fortius
886 1183 1071 1242 commistam
1084 1201 1149 1243 esse
1162 1183 1265 1243 existi·

160 1292 232 1342 mat.
265 1280 435 1342 Semiticum
453 1291 551 1343 autem
568 1302 660 1361 genus
677 1284 868 1342 stmnson
885 1302 950 1340 cum
968 1283 1034 1342 aliis
1064 1283 1179 1343 indiciis
1196 1303 1264 1360 per·

160 1381 278 1455 multis,
297 1391 359 1441 tum
376 1383 502 1443 biliteris
519 1385 678 1443 verborum
695 1381 863 1444 radicibus⁹
880 1390 910 1442 et
926 1402 1042 1442 summa
1056 1384 1264 1460 pronominum

161 1483 369 1558 similitudine,
395 1503 472 1561 quae
489 1503 554 1542 cum
571 1484 717 1546 Hebraeis
734 1483 902 1556 intercedit,
927 1485 1123 1560 comprobare
1148 1484 1205 1542 sibi
1221 1483 1265 1542 vi·

161 1583 246 1643 detur
255 1581 285 1642 ¹⁰.
310 1583 411 1658 Quare
429 1603 493 1643 cum
511 1586 549 1642 de
566 1586 663 1661 capite
679 1605 777 1644 rerum
794 1585 872 1644 inter
888 1603 1021 1643 summos
1037 1584 1067 1642 in
1085 1584 1142 1643 hoc
1158 1601 1266 1660 genere

161 1685 241 1744 viros
259 1703 319 1742 non
336 1703 514 1761 permagnus
532 1685 571 1744 sit
588 1687 754 1759 dissensus,
779 1685 873 1762 magis
892 1685 1047 1757 differunt,
1071 1685 1122 1742 ubi
1146 1684 1264 1760 quaeri·

161 1793 224 1857 tur,
248 1785 389 1861 quidnam
412 1785 536 1861 singulis
560 1786 652 1862 signis
679 1795 769 1864 atque
785 1785 887 1863 figuris
907 1785 1102 1861 significetur3
1128 1803 1198 1843 nam
1216 1803 1265 1843 ou·

160 1894 265 1944 neatae
288 1885 458 1962 scriptionis
469 1885 490 1919 ¹¹
507 1886 584 1944 ratio
603 1888 731 1946 maxime
750 1895 795 1948 est
825 1887 991 1963 composita
1010 1894 1101 1963 atque
1114 1885 1263 1944 intricata.

163 2129 273 2180 Genesis
291 2128 384 2190 18253,
419 2130 588 2180 Wrcnnunlus
610 2130 642 2180 de
661 2130 696 2180 N.
714 2133 755 2182 Ti.
778 2131 896 2179 versione
914 2129 1022 2193 Syriaca
1038 2142 1063 2190 p.
1076 2127 1131 2189 11),
1155 2142 1211 2176 cmn
1233 2127 1266 2176 de

163 2214 351 2264 Chaldaeorum
369 2213 457 2277 lingua
474 2214 542 2264 i'dem
560 2215 674 2278 legamus
691 2215 787 2265 dictum
805 2214 896 2263 ierem.
914 2215 947 2275 V,
965 2215 980 2264 5
998 2211 1054 2273 (cfr.
1071 2210 1193 2259 Kuomum
1202 2211 1265 2259 Vol-

160 2299 271 2349 kertaiel
287 2312 313 2360 p.
328 2298 394 2362 156).
424 2299 465 2348 De
483 2313 546 2350 voce
568 2307 664 2351 nitente
683 2298 733 2349 Ies.
743 2298 878 2360 XXXVI,
891 2301 937 2359 12,
955 2298 1000 2347 cfr.
1009 2297 1136 2348 wicram.
1148 2296 1182 2345 ib.
1192 2307 1217 2357 p.
1226 2297 1266 2344 10.

213 2382 323 2446 l)Pa1a.
340 2383 457 2432 Loamro
480 2384 505 2432 18
523 2382 702 2434 Senseritisme
721 2385 753 2434 de
771 2385 798 2434 la
814 2384 907 2448 langue
925 2382 1076 2444 assyrieune
1094 2387 1142 2432 ete.
1176 2379 1266 2428 Patar.

162 2468 238 2518 1849.
256 2491 288 2501 -
306 2467 405 2518 Etndes
423 2483 466 2517 sur
484 2470 521 2518 les
539 2469 702 2530 inscriptions
720 2470 909 2533 Assyrieunes,
928 2473 961 2517 ct.
980 2467 1055 2518 1850.
1073 2479 1098 2528 p.
1107 2466 1165 2514 208.

212 2553 238 2614 2)
256 2553 297 2602 Da
314 2553 434 2602 Paunvnr
450 2552 547 2602 Ninive
564 2558 591 2601 et
608 2550 742 2617 Babylon,
767 2548 898 2616 expliquds
922 2551 985 2601 dans
1011 2551 1080 2598 leurs
1103 2546 1225 2598 eoritures
1243 2555 1268 2597 et

161 2639 217 2688 leur
232 2643 393 2687 monuments
411 2651 459 2698 par
476 2638 512 2686 les
530 2639 607 2686 livres
625 2633 753 2698 emportes
772 2651 805 2686 en
822 2637 911 2687 Chine.
930 2642 962 2684 ct.
981 2635 1064 2684 Paris.
1083 2633 1224 2683 1845-6.

214 2722 240 2783 9)
256 2721 344 2772 Revue
362 2720 558 2785 aroheologique
575 2723 629 2783 VI,
648 2721 803 2771 1849-50.
821 2735 846 2782 p.
856 2721 889 2770 42
903 2735 937 2769 ss.

212 2805 239 2866 4)
256 2803 338 2855 Srauu
355 2807 397 2856 die
415 2805 493 2855 dritte
510 2799 626 2870 Gattung
644 2805 691 2855 der
708 2804 935 2856 achaemenischeu
952 2800 1173 2852 Keilinschriften.
1205 2800 1268 2851 Got-

162 2892 226 2954 ting.
245 2890 320 2939 1850.

213 2974 239 3037 5)
255 2973 358 3023 Ismonn
376 2974 566 3025 Loawansraan
583 2971 688 3036 nxpose
712 2973 757 3022 des
781 2970 903 3024 elementa
927 2970 1084 3020 constituatis
1106 2970 1141 3019 du
1158 2968 1269 3033 systems

163 3058 195 3107 de
213 3058 239 3106 la
255 3055 387 3107 troisi'eme
405 3059 514 3108 ecriture
531 3055 688 3108 cundiiorme
706 3057 738 3106 de
756 3055 910 3119 Persepolis.
934 3054 1018 3104 Paris.
1038 3055 1112 3104 1847.
1140 3054 1185 3103 cfr.
1202 3053 1270 3102 Zeit-

163 3142 252 3194 schriit
269 3141 315 3192 der
333 3141 473 3202 deutschen
490 3142 615 3205 morgenl.
634 3141 773 3193 Gerellsch.
792 3143 841 3204 IV,
859 3155 883 3204 p.
896 3139 955 3191 465.

215 3225 241 3288 6)
258 3226 311 3277 Cir.
331 3226 419 3277 Berua
437 3223 633 3289 arohdoiogique
650 3225 699 3287 IV,
717 3225 854 3286 ptores.

214 3313 240 3374 t)
258 3312 441 3375 Commentary
464 3325 499 3360 ou
520 3308 564 3359 the
583 3309 709 3371 Assyrian
733 3309 784 3359 and
802 3308 965 3374 Babylonian
982 3307 1150 3368 Inscriptious
1169 3315 1195 3365 p.
1207 3305 1223 3352 2
1235 3317 1270 3352 88.

163 3397 267 3446 mrim
284 3395 403 3446 Nineveh
421 3395 460 3457 11,
477 3408 503 3457 p.
517 3393 566 3444 205
580 3409 613 3444 ss.
631 3394 666 3456 (p.
677 3394 725 3442 291
744 3393 785 3444 ed.
804 3393 954 3455 Marssnnn).
972 3391 1071 3441 Bonorn
1088 3390 1105 3438 1.
1117 3388 1135 3439 l.
1153 3400 1178 3450 p.
1189 3387 1248 3438 876.

216 3479 241 3541 8)
259 3480 310 3531 cfr.
329 3480 492 3530 Athenaeum
510 3478 762 3540 Londiuensellldo,
781 3491 807 3541 p.
820 3480 878 3530 808.
897 3475 1020 3528 Zeiteehr.
1038 3476 1086 3524 der
1102 3474 1127 3522 d.
1146 3471 1271 3536 morgenl.

153 3565 307 3617 ‘Gesellsch
325 3565 373 3626 IV,
391 3577 417 3627 p.
429 3565 496 3626 465,
513 3571 567 3613 not.
580 3564 621 3612 82.

217 3650 243 3710 9)
259 3649 312 3699 011.
330 3649 458 3699 mwms.
476 3649 658 3710 Commentary
676 3659 701 3708 p.
716 3647 748 3693 12
761 3659 794 3694 88.
829 3644 979 3694 Duurrascu.
999 3642 1153 3701 Ieschurun,
1176 3645 1202 3688 et
1220 3637 1272 3687 Ge·

164 3736 351 3796 18818407.λ

201 3817 311 3880 10)(111.
334 3817 461 3867 Rawums.
485 3816 583 3868 Comm.
607 3828 633 3877 p.
649 3818 664 3864 2
680 3829 729 3874 88.;
750 3829 776 3861 v.
789 3828 809 3862 c.
829 3811 897 3862 anah
913 3829 937 3854 =
951 3819 1043 3887 '’nlm,
1061 3813 1202 3874 και-111),
1225 3807 1273 3856 mit

164 3921 189 3946 =
206 3911 277 3966 mn,
304 3903 354 3952 rad
376 3919 400 3944 =
417 3910 465 3951 'tt’
482 3903 525 3951 all.
544 3900 676 3950 Permulta
695 3900 772 3947 etiam
790 3896 869 3945 verba
885 3894 955 3944 idem
972 3895 1026 3943 fere
1043 3893 1150 3943 audiunt
1164 3893 1192 3940 in
1203 3897 1274 3941 utro·

165 4001 215 4052 que
234 4001 370 4047 sermone,
386 3999 410 4032 v.
424 3999 445 4034 o.
465 3995 515 4056 un,
530 3994 593 4053 nin,
614 3989 668 4036 uti>
686 3983 743 4043 all,
761 3981 807 4032 cfr.
825 3981 842 4027 1.
854 3980 872 4026 1.
890 3991 915 4040 p.
929 3980 970 4028 15.

201 4070 245 4131 11)
262 4069 370 4120 Praeter
386 4075 521 4119 cuneatum
540 4067 684 4130 scriptionis
702 4079 798 4130 genus,
820 4064 923 4127 publico
945 4061 1002 4112 usui
1025 4061 1180 4110 destinatum
1201 4057 1274 4121 illud,

167 4155 239 4205 cuius
256 4155 380 4218 originem
398 4155 540 4204 luculenter
557 4157 731 4215 exposuerunt
748 4151 863 4200 Larino.
873 4146 986 4199 Niniveh
1009 4145 1062 4194 und
1080 4145 1149 4194 seina
1166 4144 1274 4194 Ueberr.

168 4253 194 4302 p.
209 4239 257 4289 179
271 4253 319 4300 sa,
337 4239 497 4291 Gauranum.
520 4237 563 4287 die
580 4235 858 4287 Tributveraeichnisse
884 4232 930 4282 des
948 4229 1088 4281 Obelialren
1111 4243 1142 4278 au
1165 4225 1275 4294 mmmd

1033 4314 1077 4362 m*
1188 4321 1190 4326 ·
