2954 4808
177 163 264 203 nxxu
507 141 753 198 Pxouueouuun.
781 135 854 196 Cur.
873 137 929 194 Ill.

179 327 262 386 sibus
286 285 592 399 absolvitur3'prima
614 330 711 380 autem
735 317 872 398 stropha,
901 342 961 399 qua
985 311 1136 380 tremenda
1158 320 1282 380 Domini

178 425 318 485 iudicium
336 423 526 501 exsequentis
545 423 658 499 species
680 423 887 496 adumbratur,
912 422 1056 498 bipartita
1073 421 1211 496 deinceps
1229 423 1281 479 ha-

179 529 231 586 bet
248 544 386 584 versuum
399 524 550 600 membra,
575 524 691 582 duobus
708 524 756 582 vel
780 523 875 582 tribus
893 532 1057 600 quatuorve
1073 522 1173 580 verbis
1200 531 1281 580 certo

181 626 309 706 quodam
329 625 431 683 ordine
449 624 629 700 composita;
647 624 741 682 altera
758 633 856 682 autem
872 625 1010 699 stropha,
1030 641 1106 700 quae
1120 622 1284 680 bonitatem

181 727 229 785 dei
247 734 276 783 et
294 725 476 783 clementiam
495 725 591 797 addit,
617 744 676 802 qua
701 744 755 800 per
778 725 907 782 hostium
924 723 1074 782 interitum
1092 741 1143 782 eos
1165 722 1284 781 redimit

182 836 272 904 atque
289 807 410 898 salvat,
421 825 472 901 qui
491 826 518 884 ei
535 826 700 897 confidunt,
718 825 806 900 longe
817 825 964 883 diversam
978 824 1099 882 exhibet
1109 823 1283 899 imaginem:

183 946 267 998 nam,
287 928 373 1004 quasi
391 926 501 985 effusus
519 926 664 984 undarum
682 944 786 984 cursus
803 907 997 997 cohibeatur,¹
1014 925 1139 983 alterum
1157 933 1285 982 tautum·

183 1027 272 1086 modo
291 1027 433 1103 cuiusque
451 1044 553 1085 versus
570 1027 733 1084 membrum
751 1045 775 1084 s.
793 1023 914 1101 Sakcph
930 1026 1072 1101 partitum
1095 1033 1155 1097 est,
1179 1033 1208 1081 et
1231 1045 1286 1082 nu·

183 1145 281 1186 merus
304 1127 393 1184 etiam
416 1127 573 1185 verborum
595 1127 691 1184 minor
718 1134 779 1199 est,
810 1135 935 1202 excepto
966 1125 1016 1182 9¹¹⁰
1045 1144 1148 1197 versu,
1171 1124 1222 1201 qui
1246 1123 1286 1182 ad

183 1226 293 1303 prioris
310 1227 473 1303 particulae
490 1236 624 1285 naturam
645 1227 738 1303 vergit
747 1227 765 1284 ¹.
783 1261 819 1269 -
838 1229 983 1305 Atvero,
1007 1226 1077 1284 licet
1093 1224 1237 1284 eiusmodi
1253 1225 1285 1282 in

184 1327 309 1386 dicendo
327 1345 376 1386 ars
393 1327 472 1385 haud
490 1326 589 1386 multis
606 1329 818 1403 prophetarum
835 1327 979 1403 exemplis
1000 1327 1135 1384 videatur
1152 1326 1286 1402 aequari,

184 1429 305 1486 nimium
317 1436 414 1486 tamen
428 1428 565 1486 viderunt
578 1428 766 1505 maximeque
780 1437 914 1485 errarunt
925 1427 1110 1498 LowrurUS,
1126 1423 1287 1484 Gravius²

185 1529 251 1600 all,
277 1528 329 1605 qui
352 1528 513 1604 perlectam
538 1528 675 1586 carminis
693 1527 838 1586 rationem
856 1527 992 1604 indagari
1015 1545 1105 1603 posse
1129 1526 1286 1585 contende·

185 1637 267 1699 runt;
291 1628 397 1704 quiin
429 1627 618 1686 diiudicanda
644 1627 775 1687 vaticinii
798 1628 896 1686 forma
920 1629 1022 1687 eodem
1048 1627 1120 1685 vitio
1138 1627 1287 1698 laborant,

186 1747 246 1804 quo
265 1747 367 1786 omnes
383 1728 445 1786 fere
462 1728 673 1803 prophetarum
689 1729 881 1804 interpretes,
900 1729 952 1806 qui
964 1736 1089 1786 exeunte
1107 1746 1133 1785 a.
1147 1726 1287 1785 XVIIIvo

186 1828 378 1904 scripserunt,
397 1829 434 1886 ab
447 1828 556 1886 idonea
570 1830 735 1904 argumenti
752 1829 956 1888 aestimatione
972 1827 1105 1904 impediti
1129 1837 1228 1886 erantr
1252 1813 1302 1886 eo'

185 1947 305 2003 nempe,
332 1928 412 2005 quod
436 1928 560 2004 propria
582 1938 610 1987 et
634 1929 777 2004 peculiari
794 1928 940 1988 visionum
966 1938 995 1988 et
1013 1928 1203 2005 propheticae
1221 1947 1288 1985 ora-

186 2028 276 2088 tionis
299 2037 406 2088 natura
430 2029 563 2106 neglecta
586 2030 624 2088 ad
648 2030 808 2090 carminum
832 2030 976 2090 rationem
1000 2029 1181 2100 referebant,
1213 2048 1288 2106 quac

187 2130 224 2188 ab
243 2129 376 2190 oratorio
394 2126 508 2188 dIcendi
525 2147 630 2206 genere
653 2131 858 2206 suspendenda
883 2139 960 2190 sunt.
981 2129 1065 2187 Licet
1088 2129 1164 2187 enim
1188 2148 1289 2188 nume,-

187 2247 238 2288 rus
269 2238 299 2287 et
328 2224 485 2306 rhythmus
502 2230 652 2307 multaque
670 2231 730 2290 alia
747 2231 914 2290 communia
931 2231 990 2290 sint
1006 2230 1092 2306 poesi
1113 2237 1202 2308 atque
1219 2248 1289 2305 pro·

104 2321 115 2338 ¹
186 2329 320 2406 phetiae,
345 2338 443 2388 tamen
466 2339 649 2407 quantopere
667 2350 685 2388 a
703 2331 864 2389 carminum
882 2332 986 2390 habitu
1003 2339 1032 2389 et
1048 2330 1146 2389 forma
1162 2331 1290 2407 prophe·

188 2431 247 2488 tica
271 2429 360 2488 distet
384 2431 495 2502 oratio,
527 2430 757 2490 luculentissime
788 2433 944 2490 ostendunt
972 2440 1112 2507 poemata
1142 2430 1290 2490 vaticiniis

186 2531 313 2602 inserta,
332 2529 423 2588 veluti
439 2531 504 2590 Ion.
523 2550 547 2590 c.
562 2531 600 2589 Il.
629 2531 687 2590 Ies.
706 2550 730 2590 c.
745 2531 924 2591 XXXVIII.
950 2519 1030 2592 Hab.
1048 2551 1071 2589 c.
1085 2531 1141 2589 111.
1193 2578 1194 2581 ,

239 2628 375 2688 Ceterum
400 2631 539 2690 universa
567 2631 741 2690 evertendae
764 2631 839 2690 Nini
865 2632 1041 2709 descriptio,
1072 2631 1187 2690 etiamsi
1215 2630 1290 2689 adeo

188 2738 295 2790 ornata
318 2731 357 2790 sit
380 2740 470 2807 atque
492 2731 532 2789 ad
554 2731 654 2788 vivum
679 2727 849 2806 expressa,
868 2742 901 2791 ut
922 2733 1070 2809 ingentem
1094 2732 1206 2790 cladem
1230 2749 1290 2790 non

188 2831 285 2891 solum
308 2849 425 2890 cernere
448 2831 540 2894 oculis
566 2851 668 2890 verum
690 2851 796 2892 raucos
820 2833 909 2892 etiam
933 2833 1088 2909 plagarum
1115 2832 1291 2890 inflictarum

188 2940 217 2990 et
235 2950 383 2990 armorum
402 2950 611 2991 concursorum
631 2932 785 3008 clangores
802 2933 924 2992 auribus
947 2933 1034 2992 nobis
1051 2933 1205 2992 videamur
1225 2951 1291 3007 per·

188 3032 285 3107 cipere
293 3031 313 3104 ³,
337 3041 434 3092 tamen
452 3033 542 3090 habet
559 3031 646 3090 simul
664 3040 808 3090 secretum
826 3033 937 3110 aliquid
956 3043 1046 3110 atque
1064 3035 1235 3092 obscurum:
1260 3030 1291 3089 id

241 3242 266 3303 1)
285 3242 338 3292 cfr.
355 3257 380 3306 p.
393 3242 434 3289 22.
453 3242 494 3290 23.

240 3325 266 3385 2)
283 3325 418 3376 Lowrurus
437 3324 453 3372 l.
466 3324 487 3371 l:
502 3333 644 3375 asseverat:
670 3326 753 3390 „adde
771 3328 840 3390 quod
864 3331 918 3378 eius
942 3327 1090 3377 vaticinium
1113 3327 1241 3389 integrum
1263 3339 1292 3373 ac

188 3413 282 3458 iustum
300 3417 339 3458 est
356 3411 463 3473 poima3
483 3408 616 3458 exordium
628 3411 790 3474 magnificum
804 3419 843 3461 est
855 3419 881 3460 et
892 3413 968 3477 plane
981 3417 1129 3474 augustum,
1141 3409 1188 3459 ct.“
1214 3409 1293 3458 Plura

189 3494 266 3542 etiam
288 3507 368 3556 eaque
392 3495 454 3542 satis
478 3494 618 3558 singularia
640 3497 706 3545 vidit
729 3495 854 3558 Gravius,
879 3496 922 3558 qui
939 3495 1039 3558 (comm.
1057 3511 1082 3558 p.
1095 3493 1138 3554 30)
1159 3491 1292 3542 exordium

189 3594 221 3628 ex
238 3579 353 3628 versibus
370 3578 485 3628 iambicis
514 3579 629 3628 dimetris
660 3579 831 3632 acatalecticis
849 3585 874 3627 et
891 3580 1043 3630 catalecticis
1062 3578 1207 3628 alternatim
1225 3592 1292 3626 com-

188 3663 299 3726 positum
318 3677 373 3714 esse
390 3664 533 3726 existimat3
557 3665 672 3714 carmina
690 3670 774 3712 autem
793 3661 858 3723 duo,
880 3677 946 3726 quae
968 3669 1103 3727 praeterea
1124 3665 1151 3710 in
1171 3662 1292 3710 vaticinio

189 3745 357 3800 discernenda
374 3743 462 3810 docet,
485 3750 606 3800 trimetris
630 3747 747 3796 iambicis
766 3749 907 3811 composita
924 3761 987 3796 esse.
1022 3748 1120 3796 Versus
1145 3751 1244 3808 autem,
1266 3746 1293 3794 in

188 3830 279 3891 quibus
297 3829 448 3880 definiendis
465 3832 541 3894 longe
563 3831 660 3880 recedit
683 3845 699 3880 a
723 3832 860 3895 partitione
877 3831 1063 3894 Masorethica,
1086 3829 1224 3882 secundum
1242 3836 1293 3878 tra·

188 3918 284 3964 etatum
303 3927 376 3966 suum
394 3914 426 3964 de
444 3916 556 3976 numeris
574 3915 752 3964 Hebraeorum
770 3917 875 3979 poeticIs
894 3915 1005 3984 editum,
1022 3922 1051 3964 ut
1067 3916 1226 3981 praestitutis
1240 3929 1294 3966 me·

189 3997 236 4046 tris
252 3997 305 4046 illis
321 3997 468 4062 adaptaret,
490 4012 541 4046 nou
560 3999 663 4050 vocales
681 4006 779 4050 tautum
798 4001 934 4050 verborum
952 4014 1039 4048 verum
1057 4001 1114 4064 ipsa
1131 3999 1216 4052 verba
1228 3999 1293 4050 adeo

189 4080 346 4141 immutavit,
362 4082 407 4130 vix
424 4089 453 4129 ut
469 4081 598 4134 interdum
616 4083 731 4136 Nahumi
751 4085 872 4136 vaticinia
890 4091 915 4134 te
933 4084 1018 4148 legere
1036 4086 1156 4149 opineris.

236 4162 607 4227 ammamma
