2954 4808
527 207 553 283 §.
572 211 597 264 2.
626 204 676 264 Dn
695 222 821 264 ornante
840 204 981 264 Nnnuur.
1286 227 1305 265 v

199 387 363 465 (Annae),
382 388 429 446 vel
448 388 535 446 etiarn
554 409 572 447 a
590 389 730 448 tarditate
746 387 892 446 vindictae
908 388 989 467 (all.)
1006 423 1042 432 -—
1060 389 1148 466 longe
1161 390 1303 466 plurimo-

200 507 265 545 rum
290 497 351 545 tam
379 488 556 546 nostratium
581 508 670 566 quam
697 495 828 546 veterum
854 507 901 546 vv.
920 489 969 546 dd.
994 490 1139 548 sublevati
1158 509 1305 551 censensu

199 586 231 663 (e
248 588 356 664 quibus
374 607 401 646 v.
421 607 445 646 c.
464 589 614 647 afferimus
631 589 669 647 R.
688 587 883 648 Sunonensis
899 588 1025 660 Inuum,
1051 590 1102 665 qui
1125 591 1303 650 affirmavit:

198 702 268 751 tutu
288 693 337 747 nui
361 702 417 745 nin
439 681 538 765 'p‘tn),
563 689 717 746 confestim
744 688 783 745 ad
806 688 1012 764 gravissimam
1040 691 1243 765 quaestionem
1267 691 1304 748 de

202 786 261 845 situ
278 787 377 846 Eleesi
393 785 604 846 instituendam
620 764 815 848 transeamus.

252 884 367 945 Nostra
384 888 526 945 memoria
542 888 572 945 in
591 888 664 947 duas
690 888 811 945 omnino
833 896 934 962 partes
960 887 1096 945 abierunt
1116 888 1302 965 interpretes.

201 984 264 1043 Alii
286 985 419 1061 iiqueet
442 985 531 1063 longe
553 989 672 1064 plurimi
702 997 731 1046 et
763 987 971 1046 vetustissimis
1002 987 1095 1045 adiuti
1126 989 1302 1049 testimoniis

199 1085 297 1142 locum
319 1086 351 1144 in
373 1093 453 1142 terra
476 1105 563 1145 sacra
585 1087 785 1165 quaerendum
807 1086 994 1160 existimant,
1026 1087 1077 1144 alii
1106 1088 1136 1146 in
1162 1090 1301 1167 Assyria,

198 1184 279 1242 haud
295 1185 400 1260 procul
417 1185 454 1242 ab
478 1186 545 1262 ipsa
561 1186 658 1259 Nin03
684 1187 721 1246 ab
744 1188 800 1246 hae
822 1194 907 1262 parte
930 1187 1125 1246 constiterunt
1141 1189 1301 1248 Ercuson·

199 1301 270 1342 ruus
287 1285 400 1342 Introd.
419 1285 445 1361 ᾗ.
459 1289 524 1358 385,
543 1288 567 1344 Ι.
585 1287 624 1345 Ι).
643 1288 833 1358 discussum,
852 1285 1030 1360 Gmuurus,
1055 1287 1184 1346 Hnrzsu
1200 1289 1300 1348 Bibal-

200 1385 282 1442 werk
296 1385 365 1457 VII,
377 1404 406 1459 p.
422 1389 480 1458 175,
495 1387 670 1460 Ewsuous,
685 1387 1052 1446 R1rssnErdkundevol.
1066 1387 1123 1458 IX,
1141 1408 1170 1463 p.
1184 1394 1233 1447 742
1247 1409 1299 1461 ss,

198 1483 339 1543 Tuousus
357 1504 461 1542 comm.
481 1487 518 1544 de
534 1486 615 1544 Nino
633 1487 719 1558 urbe,
738 1487 865 1544 Lauren
884 1486 1020 1545 Nineveh
1037 1506 1066 1563 p.
1083 1491 1130 1545 125
1149 1507 1188 1547 ss.
1232 1491 1299 1565 Age

198 1583 351 1660 utriusque
368 1584 558 1644 fundamenta
575 1601 604 1645 et
621 1596 794 1662 argumenta
811 1585 1014 1645 examinemus
1031 1586 1210 1662 diligentius.

247 1684 271 1741 I.
297 1684 430 1744 Eikosch
455 1685 548 1745 luisse
572 1687 609 1744 in
632 1686 858 1744 Palaestina
881 1687 969 1745 sitnm
995 1687 1024 1763 1)
1047 1686 1143 1761 prime
1167 1689 1235 1746 loeo
1259 1707 1297 1746 ex

198 1783 375 1859 antiquitate
399 1785 634 1844 testimoniorum
655 1793 747 1860 patet.
773 1785 911 1844 Tradidit
936 1786 1014 1844 enim
1036 1786 1244 1846 Hisnournus
1266 1787 1297 1845 in

197 1903 334 1960 prooem:
353 1928 388 1957 „.
403 1927 410 1941 .
425 1928 432 1942 .
448 1928 455 1942 .
474 1904 539 1943 cum
553 1885 707 1943 Heleesaei
724 1885 788 1960 (all.
805 1885 941 1945 Helcesei
953 1929 960 1958 ,
974 1886 1086 1962 Elcesi)
1101 1906 1193 1963 usque
1208 1887 1298 1946 hodie

197 1984 235 2042 iu
259 1983 435 2043 Galilaea
459 1985 609 2044 viculus
632 1985 696 2056 sit,
725 2003 836 2061 parvus
854 1986 973 2062 quidem
991 1995 1020 2043 et
1038 1986 1088 2042 vix
1106 1988 1200 2046 ruinis
1216 1996 1296 2046 vete-

195 2103 260 2142 rum
282 2083 483 2143 aedificiorum
507 2085 640 2144 indicans
657 2085 798 2161 vestigia,
823 2086 875 2144 sed
898 2093 995 2143 tamen
1014 2093 1124 2144 notus
1141 2087 1296 2146 Iudaeis

195 2192 225 2242 et
241 2183 328 2241 mihi
352 2203 471 2261 quoque
487 2205 505 2243 a
523 2185 753 2243 circumducente
777 2187 1039 2244 monstratus“
1052 2183 1070 2242 ¹.
1098 2183 1197 2258 Quod
1214 2187 1295 2246 testi·

194 2284 325 2342 monium
342 2284 404 2344 eius
420 2285 494 2358 viri,
514 2285 565 2362 qui
581 2286 613 2343 in
630 2285 696 2360 ipsa
709 2293 788 2343 terra
802 2305 887 2344 sacra
898 2286 1033 2358 vivebat,
1051 2282 1181 2344 Omma
1191 2288 1294 2344 Atax.

194 2386 386 2442 confirmatur
409 2385 521 2458 verbis,
546 2386 597 2462 qui
624 2386 726 2443 eodem
748 2386 810 2444 iere
832 2395 965 2461 tempore
982 2385 1019 2443 de
1036 2405 1064 2442 v.
1079 2370 1220 2446 Ἐλκεσὲ
1241 2387 1296 2444 do·

193 2483 267 2542 euit:
289 2473 408 2565 ,,κω’μη
438 2477 475 2544 δὲ
503 2475 587 2566 αὕτη
615 2475 746 2556 πάντως
769 2504 836 2546 που
862 2483 922 2565 τῆς
945 2475 1124 2544 Ἰουδαίων
1148 2475 1294 2567 plenumst

194 2582 262 2657 Quo
279 2583 432 2643 addendus
450 2586 537 2642 etiam
555 2585 670 2642 videtur
687 2586 857 2657 Eusenos,
877 2585 975 2662 quirin
998 2584 1191 2644 Onomastieo
1209 2585 1240 2646 S.
1261 2584 1293 2645 S.

192 2683 266 2741 nihil
283 2683 400 2761 quidem
417 2685 507 2743 habet
519 2693 635 2760 praeter
648 2687 734 2742 haec:
764 2671 937 2759 ,,Ἐλκεσέ,
970 2675 1053 2744 iisse
1084 2677 1141 2742 nal
1172 2681 1293 2760 Ναοῦμ

193 2771 455 2856 ὃΕλκεσαῖος,“
479 2794 593 2854 tamen,
624 2784 649 2842 si
673 2785 753 2842 vicus
779 2803 837 2840 non
856 2783 962 2843 fuisset
978 2784 1008 2840 in
1027 2784 1215 2856 Palaestina,
1241 2785 1293 2843 sed

193 2883 224 2940 in
242 2883 373 2960 Assyria
388 2885 476 2955 situs,
494 2884 593 2943 nescio
612 2903 649 2941 an
667 2891 809 2942 notasset.

241 2984 356 3042 Eodem
374 2984 435 3042 lere
451 2985 489 3042 ab
507 2984 573 3042 aliis
591 2983 723 3040 ducimur
739 2983 925 3054 auctoribus,
945 2983 1060 3042 etiamsi
1078 2983 1173 3040 minor
1191 3003 1292 3043 eorum

190 3083 325 3142 videatur
351 3084 484 3160 gravitas
513 3102 585 3141 esse.
622 3082 971 3141 Pssuoo-Donornuus
1000 3083 1036 3140 de
1059 3084 1185 3158 prophh.
1213 3083 1293 3157 „Hic

248 3291 272 3353 l)
290 3291 368 3341 cuius
385 3290 524 3339 testimonii
542 3289 594 3337 vim
611 3288 750 3354 infringere
767 3291 817 3341 sibi
834 3292 970 3342 videbatur
987 3290 1125 3353 surmus,
1148 3307 1205 3343 cum
1228 3292 1293 3342 thes.

192 3391 215 3426 a.
233 3391 257 3424 v.
281 3379 453 3424 asseveraret:
477 3373 634 3434 ,‚creuerem
652 3375 763 3436 homini,
789 3378 811 3425 si
835 3378 917 3428 vicum
939 3376 1020 3426 Elkes
1042 3383 1223 3439 monstrasset,
1247 3377 1293 3428 sed

188 3459 299 3509 viculum
315 3458 407 3508 Etcssr
424 3459 462 3520 (ut
479 3464 539 3507 tnnc
556 3458 641 3521 legere
654 3459 771 3508 solebant
788 3449 890 3528 *sopire
914 3461 1039 3510 defective
1062 3462 1198 3526 seriptum)
1218 3477 1290 3512 mon-

187 3545 278 3593 stranti
295 3557 348 3592 nen
367 3542 447 3606 magis
465 3541 555 3603 eredo,
577 3556 653 3606 quam
670 3549 822 3608 mystagogo
841 3545 1006 3604 nostratium,
1029 3547 1072 3608 qui
1093 3547 1228 3610 peregrino
1245 3545 1291 3594 lto·

187 3627 250 3676 mini
267 3619 413 3691 germanice
430 3641 483 3675 non
502 3626 639 3674 admodum
657 3626 734 3676 docto
748 3627 781 3676 de
794 3629 887 3691 oppido
905 3628 1092 3689 Hallische,
1109 3629 1292 3678 Hallenser

187 3711 341 3772 sciscitanti,
359 3725 392 3759 ne
409 3709 472 3772 quid
489 3711 622 3772 ignorasse
639 3710 782 3770 videretur,
807 3711 941 3760 confestim
960 3712 1042 3760 vicum
1060 3711 1212 3776 oppidumve
1229 3725 1290 3773 pro·

185 3797 283 3844 xlmum
301 3795 421 3858 qnodque
440 3795 594 3843 ostenderet.
630 3794 736 3842 Minime
760 3800 854 3842 certam
878 3794 911 3842 ‹le
934 3807 965 3843 ea
988 3807 1016 3842 re
1040 3797 1155 3844 extitisse
1173 3795 1290 3844 traditio·

186 3894 257 3940 nem,
281 3880 323 3930 vel
346 3893 377 3927 ex
400 3878 549 3928 diversitate
567 3880 621 3927 eius
640 3877 771 3942 apparet.“
791 3880 827 3927 At
844 3880 927 3927 minus
945 3884 1040 3926 temere
1057 3879 1195 3928 iudicasset
1213 3895 1237 3927 v.
1255 3879 1289 3940 d.,

184 3964 262 4013 modo
281 3964 390 4013 diversis
408 3964 521 4012 nominis
539 3961 722 4027 pronuntiandi
745 3961 828 4010 modis
852 3967 927 4024 atque
951 3963 1052 4012 traditis
1075 3978 1090 4011 a
1112 3962 1240 4012 veteribus
1257 3963 1289 4011 de

186 4049 236 4096 situ
254 4047 307 4096 eius
325 4048 488 4110 opinionibus
506 4047 626 4111 quidnam
646 4046 786 4095 subiectum
804 4051 871 4094 esset
888 4059 1034 4108 commune,
1059 4047 1194 4109 diligenter
1215 4061 1289 4110 repu-

187 4133 307 4194 tavisset3
333 4139 362 4181 ut
384 4131 501 4180 omittam
520 4131 713 4194 Hieronymum,
731 4131 774 4193 qui
793 4128 933 4178 maximam
951 4131 1018 4178 vitae
1036 4131 1179 4193 partemin
1198 4129 1289 4178 Palae·

188 4216 255 4265 atina
274 4215 357 4278 degit,
376 4218 419 4265 vix
439 4215 573 4279 peregrino
592 4215 666 4265 alicui
683 4213 765 4263 Helas
779 4214 977 4293 praetervolenti
990 4214 1068 4265 inisse
1082 4211 1288 4276 comperandum.
