<?xml version="1.0" encoding="UTF-8"?>
<!DOCTYPE html PUBLIC "-//W3C//DTD XHTML 1.0 Transitional//EN"
    "http://www.w3.org/TR/xhtml1/DTD/xhtml1-transitional.dtd">
<html xmlns="http://www.w3.org/1999/xhtml" xml:lang="en" lang="en">
 <head>
  <title>
</title>
<meta http-equiv="Content-Type" content="text/html;charset=utf-8" />
  <meta name='ocr-system' content='tesseract 3.04.00' />
  <meta name='ocr-capabilities' content='ocr_page ocr_carea ocr_par ocr_line ocrx_word'/>
</head>
<body>
  <div class='ocr_page' id='page_1' title='image "./nahumideninovat01stragoog/nahumideninovat01stragoog_0120.png"; bbox 0 0 2954 4784; ppageno 0'>
   <div class='ocr_carea' id='block_1_1' title="bbox 645 231 1359 307">
    <p class='ocr_par' dir='ltr' id='par_1_1' title="bbox 645 231 1359 307">
     <span class='ocr_line' id='line_1_1' title="bbox 645 231 1359 307; baseline -0.001 -14"><span class='ocrx_word' id='word_1_1' title='bbox 645 232 866 307; x_wconf 78' lang='lat' dir='ltr'><strong>Cnr.1,v.10.</strong></span> <span class='ocrx_word' id='word_1_2' title='bbox 1259 231 1304 302; x_wconf 89' lang='lat'><strong>31</strong></span> <span class='ocrx_word' id='word_1_3' title='bbox 1357 237 1359 242; x_wconf 82' lang='grc'>’</span> 
     </span>
    </p>
   </div>
   <div class='ocr_carea' id='block_1_2' title="bbox 200 417 1309 2006">
    <p class='ocr_par' dir='ltr' id='par_1_2' title="bbox 200 417 1308 999">
     <span class='ocr_line' id='line_1_2' title="bbox 200 417 1307 498; baseline -0.003 -17"><span class='ocrx_word' id='word_1_4' title='bbox 200 422 272 482; x_wconf 86' lang='lat' dir='ltr'><strong>cari.</strong></span> <span class='ocrx_word' id='word_1_5' title='bbox 294 419 338 478; x_wconf 87' lang='lat' dir='ltr'><strong>At</strong></span> <span class='ocrx_word' id='word_1_6' title='bbox 354 428 440 478; x_wconf 88' lang='lat' dir='ltr'><strong>erunt</strong></span> <span class='ocrx_word' id='word_1_7' title='bbox 456 419 609 493; x_wconf 89' lang='lat' dir='ltr'><strong>nimirum,</strong></span> <span class='ocrx_word' id='word_1_8' title='bbox 628 419 679 497; x_wconf 91' lang='lat' dir='ltr'><strong>qui</strong></span> <span class='ocrx_word' id='word_1_9' title='bbox 697 437 763 478; x_wconf 89' lang='lat' dir='ltr'><strong>cum</strong></span> <span class='ocrx_word' id='word_1_10' title='bbox 777 417 951 482; x_wconf 74' lang='lat' dir='ltr'><strong>Knrnsno</strong></span> <span class='ocrx_word' id='word_1_11' title='bbox 964 418 1164 496; x_wconf 77' lang='lat' dir='ltr'><strong>respondeant</strong></span> <span class='ocrx_word' id='word_1_12' title='bbox 1174 421 1307 498; x_wconf 73' lang='lat' dir='ltr'><strong>(p.245):</strong></span> 
     </span>
     <span class='ocr_line' id='line_1_3' title="bbox 202 519 1308 598; baseline -0.002 -16"><span class='ocrx_word' id='word_1_13' title='bbox 202 522 272 594; x_wconf 86' lang='lat' dir='ltr'><strong>„his</strong></span> <span class='ocrx_word' id='word_1_14' title='bbox 294 521 461 597; x_wconf 68' lang='lat' dir='ltr'><strong>refragatur</strong></span> <span class='ocrx_word' id='word_1_15' title='bbox 482 520 624 593; x_wconf 88' lang='lat' dir='ltr'><strong>historia,</strong></span> <span class='ocrx_word' id='word_1_16' title='bbox 655 539 733 598; x_wconf 87' lang='lat' dir='ltr'><strong>quae</strong></span> <span class='ocrx_word' id='word_1_17' title='bbox 760 538 869 580; x_wconf 87' lang='lat' dir='ltr'><strong>novam</strong></span> <span class='ocrx_word' id='word_1_18' title='bbox 895 519 955 578; x_wconf 88' lang='lat' dir='ltr'><strong>illis</strong></span> <span class='ocrx_word' id='word_1_19' title='bbox 979 520 1034 579; x_wconf 91' lang='lat' dir='ltr'><strong>snb</strong></span> <span class='ocrx_word' id='word_1_20' title='bbox 1057 519 1308 580; x_wconf 86' lang='lat' dir='ltr'><strong>Assarrbaddone</strong></span> 
     </span>
     <span class='ocr_line' id='line_1_4' title="bbox 201 619 1307 698; baseline 0 -18"><span class='ocrx_word' id='word_1_21' title='bbox 201 621 361 698; x_wconf 80' lang='lat' dir='ltr'>contigisse</span> <span class='ocrx_word' id='word_1_22' title='bbox 383 621 550 696; x_wconf 83' lang='lat' dir='ltr'><strong>angustiam</strong></span> <span class='ocrx_word' id='word_1_23' title='bbox 573 621 676 698; x_wconf 89' lang='lat' dir='ltr'><strong>utique</strong></span> <span class='ocrx_word' id='word_1_24' title='bbox 701 625 870 692; x_wconf 83' lang='lat' dir='ltr'><strong>testatur;“</strong></span> <span class='ocrx_word' id='word_1_25' title='bbox 901 628 931 680; x_wconf 90' lang='lat' dir='ltr'><strong>et</strong></span> <span class='ocrx_word' id='word_1_26' title='bbox 953 619 1060 680; x_wconf 86' lang='lat' dir='ltr'><strong>fuisset</strong></span> <span class='ocrx_word' id='word_1_27' title='bbox 1081 620 1220 679; x_wconf 86' lang='lat' dir='ltr'><strong>nimirum</strong></span> <span class='ocrx_word' id='word_1_28' title='bbox 1242 621 1307 680; x_wconf 84' lang='lat' dir='ltr'><strong>Ms-</strong></span> 
     </span>
     <span class='ocr_line' id='line_1_5' title="bbox 201 721 1308 797; baseline -0.002 -15"><span class='ocrx_word' id='word_1_29' title='bbox 201 723 300 782; x_wconf 86' lang='lat' dir='ltr'><strong>nassis</strong></span> <span class='ocrx_word' id='word_1_30' title='bbox 325 721 464 780; x_wconf 87' lang='lat' dir='ltr'><strong>abductio</strong></span> <span class='ocrx_word' id='word_1_31' title='bbox 493 721 671 797; x_wconf 85' lang='lat' dir='ltr'><strong>gravissima</strong></span> <span class='ocrx_word' id='word_1_32' title='bbox 695 721 866 794; x_wconf 86' lang='lat' dir='ltr'><strong>calamitas,</strong></span> <span class='ocrx_word' id='word_1_33' title='bbox 891 721 951 780; x_wconf 90' lang='lat' dir='ltr'><strong>nisi</strong></span> <span class='ocrx_word' id='word_1_34' title='bbox 973 721 1109 780; x_wconf 79' lang='lat' dir='ltr'><strong>sollicitis</strong></span> <span class='ocrx_word' id='word_1_35' title='bbox 1130 721 1308 780; x_wconf 84' lang='lat' dir='ltr'><strong>Iudaeorum</strong></span> 
     </span>
     <span class='ocr_line' id='line_1_6' title="bbox 200 821 1308 900; baseline -0.002 -18"><span class='ocrx_word' id='word_1_36' title='bbox 200 822 308 882; x_wconf 87' lang='lat' dir='ltr'><strong>animis</strong></span> <span class='ocrx_word' id='word_1_37' title='bbox 326 831 356 880; x_wconf 91' lang='lat' dir='ltr'><strong>et</strong></span> <span class='ocrx_word' id='word_1_38' title='bbox 368 823 606 898; x_wconf 71' lang='lat' dir='ltr'><strong>,asperationem</strong></span> <span class='ocrx_word' id='word_1_39' title='bbox 624 822 885 899; x_wconf 73' lang='lat' dir='ltr'><strong>captivitatemque</strong></span> <span class='ocrx_word' id='word_1_40' title='bbox 900 821 1175 898; x_wconf 83' lang='lat' dir='ltr'><strong>pertimescentibus</strong></span> <span class='ocrx_word' id='word_1_41' title='bbox 1185 822 1308 900; x_wconf 88' lang='lat' dir='ltr'><strong>gravior</strong></span> 
     </span>
     <span class='ocr_line' id='line_1_7' title="bbox 201 923 723 999; baseline 0 -17"><span class='ocrx_word' id='word_1_42' title='bbox 201 923 308 982; x_wconf 85' lang='lat' dir='ltr'><strong>fuisset</strong></span> <span class='ocrx_word' id='word_1_43' title='bbox 323 923 404 995; x_wconf 82' lang='lat' dir='ltr'><strong>visa,</strong></span> <span class='ocrx_word' id='word_1_44' title='bbox 423 942 513 999; x_wconf 90' lang='lat' dir='ltr'><strong>quam</strong></span> <span class='ocrx_word' id='word_1_45' title='bbox 531 931 594 982; x_wconf 90' lang='lat' dir='ltr'><strong>erat</strong></span> <span class='ocrx_word' id='word_1_46' title='bbox 611 942 723 982; x_wconf 81' lang='lat' dir='ltr'><strong>revera.</strong></span> 
     </span>
    </p>

    <p class='ocr_par' dir='ltr' id='par_1_3' title="bbox 200 1019 1309 2006">
     <span class='ocr_line' id='line_1_8' title="bbox 250 1019 1308 1099; baseline -0.002 -18"><span class='ocrx_word' id='word_1_47' title='bbox 250 1022 417 1082; x_wconf 84' lang='lat' dir='ltr'><strong>Audiamus</strong></span> <span class='ocrx_word' id='word_1_48' title='bbox 447 1023 574 1099; x_wconf 90' lang='lat' dir='ltr'><strong>denique</strong></span> <span class='ocrx_word' id='word_1_49' title='bbox 602 1022 778 1083; x_wconf 72' lang='lat' dir='ltr'><strong>laurensem</strong></span> <span class='ocrx_word' id='word_1_50' title='bbox 807 1023 880 1081; x_wconf 89' lang='lat' dir='ltr'><strong>haec</strong></span> <span class='ocrx_word' id='word_1_51' title='bbox 909 1021 1127 1097; x_wconf 83' lang='lat' dir='ltr'><strong>disputantem:</strong></span> <span class='ocrx_word' id='word_1_52' title='bbox 1171 1019 1308 1098; x_wconf 87' lang='lat' dir='ltr'><strong>„Sopbi-</strong></span> 
     </span>
     <span class='ocr_line' id='line_1_9' title="bbox 201 1121 1306 1192; baseline -0.002 -8"><span class='ocrx_word' id='word_1_53' title='bbox 201 1133 266 1184; x_wconf 88' lang='lat' dir='ltr'><strong>stae</strong></span> <span class='ocrx_word' id='word_1_54' title='bbox 282 1141 384 1184; x_wconf 88' lang='lat' dir='ltr'><strong>omues</strong></span> <span class='ocrx_word' id='word_1_55' title='bbox 400 1123 479 1192; x_wconf 81' lang='lat' dir='ltr'><strong>huno</strong></span> <span class='ocrx_word' id='word_1_56' title='bbox 503 1122 600 1184; x_wconf 88' lang='lat' dir='ltr'><strong>locum</strong></span> <span class='ocrx_word' id='word_1_57' title='bbox 617 1129 790 1182; x_wconf 83' lang='lat' dir='ltr'><strong>tractarunt.</strong></span> <span class='ocrx_word' id='word_1_58' title='bbox 835 1121 939 1182; x_wconf 86' lang='lat' dir='ltr'><strong>Torsit</strong></span> <span class='ocrx_word' id='word_1_59' title='bbox 955 1121 1051 1182; x_wconf 49' lang='lat' dir='ltr'><strong>¹etiarn</strong></span> <span class='ocrx_word' id='word_1_60' title='bbox 1075 1141 1177 1182; x_wconf 86' lang='lat' dir='ltr'><strong>omnes</strong></span> <span class='ocrx_word' id='word_1_61' title='bbox 1199 1123 1306 1182; x_wconf 87' lang='lat' dir='ltr'><strong>mirum</strong></span> 
     </span>
     <span class='ocr_line' id='line_1_10' title="bbox 200 1222 1305 1301; baseline 0 -19"><span class='ocrx_word' id='word_1_62' title='bbox 200 1225 233 1282; x_wconf 89' lang='lat' dir='ltr'><strong>in</strong></span> <span class='ocrx_word' id='word_1_63' title='bbox 250 1223 378 1285; x_wconf 90' lang='lat' dir='ltr'><strong>modum.</strong></span> <span class='ocrx_word' id='word_1_64' title='bbox 418 1223 490 1282; x_wconf 86' lang='lat' dir='ltr'><strong>Fuit</strong></span> <span class='ocrx_word' id='word_1_65' title='bbox 505 1232 605 1284; x_wconf 86' lang='lat' dir='ltr'><strong>autem</strong></span> <span class='ocrx_word' id='word_1_66' title='bbox 620 1224 663 1284; x_wconf 90' lang='lat' dir='ltr'><strong>eis</strong></span> <span class='ocrx_word' id='word_1_67' title='bbox 681 1223 798 1282; x_wconf 88' lang='lat' dir='ltr'><strong>occasio</strong></span> <span class='ocrx_word' id='word_1_68' title='bbox 814 1222 1072 1282; x_wconf 84' lang='lat' dir='ltr'><strong>innumerabilium</strong></span> <span class='ocrx_word' id='word_1_69' title='bbox 1090 1224 1305 1301; x_wconf 87' lang='lat' dir='ltr'><strong>quaestionum.</strong></span> 
     </span>
     <span class='ocr_line' id='line_1_11' title="bbox 201 1321 1308 1401; baseline 0 -17"><span class='ocrx_word' id='word_1_70' title='bbox 201 1322 361 1384; x_wconf 86' lang='lat' dir='ltr'><strong>Tractatus</strong></span> <span class='ocrx_word' id='word_1_71' title='bbox 378 1332 423 1384; x_wconf 90' lang='lat' dir='ltr'><strong>est</strong></span> <span class='ocrx_word' id='word_1_72' title='bbox 440 1325 529 1384; x_wconf 86' lang='lat' dir='ltr'><strong>etiam</strong></span> <span class='ocrx_word' id='word_1_73' title='bbox 546 1345 565 1384; x_wconf 88' lang='lat' dir='ltr'><strong>a</strong></span> <span class='ocrx_word' id='word_1_74' title='bbox 581 1323 727 1401; x_wconf 76' lang='lat' dir='ltr'><strong>MagIstro</strong></span> <span class='ocrx_word' id='word_1_75' title='bbox 744 1323 964 1384; x_wconf 83' lang='lat' dir='ltr'><strong>sententiarum.</strong></span> <span class='ocrx_word' id='word_1_76' title='bbox 988 1321 1050 1384; x_wconf 85' lang='lat' dir='ltr'><strong>Sed</strong></span> <span class='ocrx_word' id='word_1_77' title='bbox 1065 1343 1121 1384; x_wconf 89' lang='lat' dir='ltr'><strong>nos</strong></span> <span class='ocrx_word' id='word_1_78' title='bbox 1137 1323 1197 1384; x_wconf 82' lang='lat' dir='ltr'><strong>illa</strong></span> <span class='ocrx_word' id='word_1_79' title='bbox 1207 1325 1308 1384; x_wconf 85' lang='lat' dir='ltr'><strong>omnia</strong></span> 
     </span>
     <span class='ocr_line' id='line_1_12' title="bbox 200 1407 1306 1501; baseline 0 -17"><span class='ocrx_word' id='word_1_80' title='bbox 200 1425 275 1484; x_wconf 90' lang='lat' dir='ltr'><strong>nihil</strong></span> <span class='ocrx_word' id='word_1_81' title='bbox 292 1407 482 1484; x_wconf 84' lang='lat' dir='ltr'><strong>morabimur.</strong></span> <span class='ocrx_word' id='word_1_82' title='bbox 525 1425 661 1484; x_wconf 86' lang='lat' dir='ltr'><strong>Breviter</strong></span> <span class='ocrx_word' id='word_1_83' title='bbox 677 1424 754 1484; x_wconf 90' lang='lat' dir='ltr'><strong>hanc</strong></span> <span class='ocrx_word' id='word_1_84' title='bbox 770 1433 844 1501; x_wconf 89' lang='lat' dir='ltr'><strong>puto</strong></span> <span class='ocrx_word' id='word_1_85' title='bbox 861 1443 927 1484; x_wconf 88' lang='lat' dir='ltr'><strong>esse</strong></span> <span class='ocrx_word' id='word_1_86' title='bbox 944 1424 1102 1500; x_wconf 85' lang='lat' dir='ltr'><strong>genuinam</strong></span> <span class='ocrx_word' id='word_1_87' title='bbox 1120 1425 1306 1497; x_wconf 88' lang='lat' dir='ltr'><strong>sententiam,</strong></span> 
     </span>
     <span class='ocr_line' id='line_1_13' title="bbox 201 1523 1307 1603; baseline 0 -19"><span class='ocrx_word' id='word_1_88' title='bbox 201 1525 288 1603; x_wconf 91' lang='lat' dir='ltr'><strong>quasi</strong></span> <span class='ocrx_word' id='word_1_89' title='bbox 312 1525 404 1584; x_wconf 85' lang='lat' dir='ltr'><strong>dicat:</strong></span> <span class='ocrx_word' id='word_1_90' title='bbox 442 1523 621 1586; x_wconf 72' lang='lat' dir='ltr'><strong>satisfecisti</strong></span> <span class='ocrx_word' id='word_1_91' title='bbox 638 1535 685 1599; x_wconf 88' lang='lat' dir='ltr'><strong>tn,</strong></span> <span class='ocrx_word' id='word_1_92' title='bbox 702 1545 758 1584; x_wconf 83' lang='lat' dir='ltr'><strong>rex</strong></span> <span class='ocrx_word' id='word_1_93' title='bbox 774 1525 984 1601; x_wconf 87' lang='lat' dir='ltr'><strong>Assyriorum,</strong></span> <span class='ocrx_word' id='word_1_94' title='bbox 1002 1525 1167 1584; x_wconf 86' lang='lat' dir='ltr'><strong>devastasti</strong></span> <span class='ocrx_word' id='word_1_95' title='bbox 1183 1542 1307 1602; x_wconf 85' lang='lat' dir='ltr'><strong>regnum</strong></span> 
     </span>
     <span class='ocr_line' id='line_1_14' title="bbox 201 1624 1307 1704; baseline 0 -20"><span class='ocrx_word' id='word_1_96' title='bbox 201 1626 310 1697; x_wconf 82' lang='lat' dir='ltr'><strong>Israe13</strong></span> <span class='ocrx_word' id='word_1_97' title='bbox 342 1625 415 1687; x_wconf 87' lang='lat' dir='ltr'><strong>satis</strong></span> <span class='ocrx_word' id='word_1_98' title='bbox 438 1626 499 1686; x_wconf 90' lang='lat' dir='ltr'><strong>iam</strong></span> <span class='ocrx_word' id='word_1_99' title='bbox 520 1627 688 1704; x_wconf 87' lang='lat' dir='ltr'><strong>imperasti,</strong></span> <span class='ocrx_word' id='word_1_100' title='bbox 711 1626 771 1686; x_wconf 88' lang='lat' dir='ltr'><strong>iam</strong></span> <span class='ocrx_word' id='word_1_101' title='bbox 795 1643 855 1684; x_wconf 91' lang='lat' dir='ltr'><strong>non</strong></span> <span class='ocrx_word' id='word_1_102' title='bbox 878 1625 1032 1686; x_wconf 90' lang='lat' dir='ltr'><strong>adiicietur</strong></span> <span class='ocrx_word' id='word_1_103' title='bbox 1057 1624 1210 1686; x_wconf 86' lang='lat' dir='ltr'><strong>tribulatio</strong></span> <span class='ocrx_word' id='word_1_104' title='bbox 1236 1625 1307 1699; x_wconf 87' lang='lat' dir='ltr'><strong>alia,</strong></span> 
     </span>
     <span class='ocr_line' id='line_1_15' title="bbox 201 1725 1309 1805; baseline 0.002 -21"><span class='ocrx_word' id='word_1_105' title='bbox 201 1745 263 1786; x_wconf 88' lang='lat' dir='ltr'><strong>non</strong></span> <span class='ocrx_word' id='word_1_106' title='bbox 279 1726 374 1786; x_wconf 88' lang='lat' dir='ltr'><strong>sinam</strong></span> <span class='ocrx_word' id='word_1_107' title='bbox 390 1735 425 1785; x_wconf 92' lang='lat' dir='ltr'><strong>ut</strong></span> <span class='ocrx_word' id='word_1_108' title='bbox 439 1745 548 1804; x_wconf 89' lang='lat' dir='ltr'><strong>pergas</strong></span> <span class='ocrx_word' id='word_1_109' title='bbox 565 1727 749 1788; x_wconf 84' lang='lat' dir='ltr'><strong>devastando</strong></span> <span class='ocrx_word' id='word_1_110' title='bbox 768 1727 856 1805; x_wconf 74' lang='lat' dir='ltr'><strong>edqm</strong></span> <span class='ocrx_word' id='word_1_111' title='bbox 866 1727 988 1800; x_wconf 88' lang='lat' dir='ltr'><strong>Iudam,</strong></span> <span class='ocrx_word' id='word_1_112' title='bbox 1006 1725 1153 1804; x_wconf 89' lang='lat' dir='ltr'><strong>siqnidem</strong></span> <span class='ocrx_word' id='word_1_113' title='bbox 1168 1726 1309 1786; x_wconf 86' lang='lat' dir='ltr'><strong>liberabit</strong></span> 
     </span>
     <span class='ocr_line' id='line_1_16' title="bbox 201 1826 1309 1906; baseline 0.004 -20"><span class='ocrx_word' id='word_1_114' title='bbox 201 1847 268 1886; x_wconf 87' lang='lat' dir='ltr'><strong>enm</strong></span> <span class='ocrx_word' id='word_1_115' title='bbox 284 1826 435 1890; x_wconf 87' lang='lat' dir='ltr'><strong>Dominus</strong></span> <span class='ocrx_word' id='word_1_116' title='bbox 450 1847 470 1886; x_wconf 90' lang='lat' dir='ltr'><strong>a</strong></span> <span class='ocrx_word' id='word_1_117' title='bbox 492 1828 698 1902; x_wconf 89' lang='lat' dir='ltr'><strong>tribulatione,</strong></span> <span class='ocrx_word' id='word_1_118' title='bbox 722 1846 799 1906; x_wconf 89' lang='lat' dir='ltr'><strong>quae</strong></span> <span class='ocrx_word' id='word_1_119' title='bbox 821 1827 881 1887; x_wconf 89' lang='lat' dir='ltr'><strong>iam</strong></span> <span class='ocrx_word' id='word_1_120' title='bbox 907 1827 1055 1902; x_wconf 87' lang='lat' dir='ltr'><strong>imminet,</strong></span> <span class='ocrx_word' id='word_1_121' title='bbox 1078 1827 1139 1888; x_wconf 87' lang='lat' dir='ltr'><strong>alia</strong></span> <span class='ocrx_word' id='word_1_122' title='bbox 1160 1843 1233 1888; x_wconf 85' lang='lat' dir='ltr'><strong>vero</strong></span> <span class='ocrx_word' id='word_1_123' title='bbox 1255 1846 1309 1890; x_wconf 86' lang='lat' dir='ltr'><strong>eos</strong></span> 
     </span>
     <span class='ocr_line' id='line_1_17' title="bbox 200 1927 536 2006; baseline -0.006 -18"><span class='ocrx_word' id='word_1_124' title='bbox 200 1947 260 2004; x_wconf 83' lang='lat' dir='ltr'><strong>non</strong></span> <span class='ocrx_word' id='word_1_125' title='bbox 277 1927 536 2006; x_wconf 87' lang='lat' dir='ltr'><strong>comprehendet.“</strong></span> 
     </span>
    </p>
   </div>
   <div class='ocr_carea' id='block_1_3' title="bbox 663 2159 853 2238">
    <p class='ocr_par' dir='ltr' id='par_1_4' title="bbox 663 2159 853 2238">
     <span class='ocr_line' id='line_1_18' title="bbox 663 2159 853 2238; baseline -0.005 0"><span class='ocrx_word' id='word_1_126' title='bbox 663 2159 665 2164; x_wconf 66' lang='lat'>&#39;</span> <span class='ocrx_word' id='word_1_127' title='bbox 712 2201 741 2238; x_wconf 87' lang='lat' dir='ltr'><strong>v.</strong></span> <span class='ocrx_word' id='word_1_128' title='bbox 761 2185 802 2238; x_wconf 90' lang='lat'><strong>10.</strong></span> <span class='ocrx_word' id='word_1_129' title='bbox 851 2205 853 2210; x_wconf 94' lang='lat'>·</span> 
     </span>
    </p>
   </div>
   <div class='ocr_carea' id='block_1_4' title="bbox 201 2327 1375 3713">
    <p class='ocr_par' dir='ltr' id='par_1_5' title="bbox 201 2327 1308 3011">
     <span class='ocr_line' id='line_1_19' title="bbox 249 2327 1307 2406; baseline -0.004 -18"><span class='ocrx_word' id='word_1_130' title='bbox 249 2329 330 2395; x_wconf 54' lang='lat' dir='ltr'><strong>,Nom</strong></span> <span class='ocrx_word' id='word_1_131' title='bbox 351 2347 438 2404; x_wconf 85' lang='lat' dir='ltr'><strong>usque</strong></span> <span class='ocrx_word' id='word_1_132' title='bbox 461 2330 503 2386; x_wconf 86' lang='lat' dir='ltr'><strong>ed</strong></span> <span class='ocrx_word' id='word_1_133' title='bbox 522 2331 619 2406; x_wconf 83' lang='lat' dir='ltr'><strong>spinas</strong></span> <span class='ocrx_word' id='word_1_134' title='bbox 636 2331 779 2406; x_wconf 74' lang='lat' dir='ltr'><strong>perpluat,</strong></span> <span class='ocrx_word' id='word_1_135' title='bbox 802 2339 829 2390; x_wconf 85' lang='lat' dir='ltr'><strong>at</strong></span> <span class='ocrx_word' id='word_1_136' title='bbox 843 2337 877 2388; x_wconf 84' lang='lat' dir='ltr'><strong>ut</strong></span> <span class='ocrx_word' id='word_1_137' title='bbox 898 2329 966 2388; x_wconf 79' lang='lat' dir='ltr'><strong>eico</strong></span> <span class='ocrx_word' id='word_1_138' title='bbox 988 2346 1038 2386; x_wconf 84' lang='lat' dir='ltr'><strong>auo</strong></span> <span class='ocrx_word' id='word_1_139' title='bbox 1054 2327 1201 2397; x_wconf 80' lang='lat' dir='ltr'><strong>inebriati,</strong></span> <span class='ocrx_word' id='word_1_140' title='bbox 1225 2328 1307 2386; x_wconf 80' lang='lat' dir='ltr'><strong>deeo-</strong></span> 
     </span>
     <span class='ocr_line' id='line_1_20' title="bbox 201 2428 1307 2505; baseline -0.002 -17"><span class='ocrx_word' id='word_1_141' title='bbox 201 2439 317 2500; x_wconf 83' lang='lat' dir='ltr'><strong>rentur,</strong></span> <span class='ocrx_word' id='word_1_142' title='bbox 342 2431 463 2505; x_wconf 62' lang='lat' dir='ltr'><strong>cupane</strong></span> <span class='ocrx_word' id='word_1_143' title='bbox 480 2431 580 2488; x_wconf 65' lang='lat' dir='ltr'><strong>amulae</strong></span> <span class='ocrx_word' id='word_1_144' title='bbox 595 2433 702 2501; x_wconf 81' lang='lat' dir='ltr'><strong>instar,</strong></span> <span class='ocrx_word' id='word_1_145' title='bbox 719 2433 870 2489; x_wconf 72' lang='lat' dir='ltr'><strong>rumaren.</strong></span> <span class='ocrx_word' id='word_1_146' title='bbox 903 2428 1043 2490; x_wconf 89' lang='lat' dir='ltr'><strong>Priorum</strong></span> <span class='ocrx_word' id='word_1_147' title='bbox 1060 2429 1217 2488; x_wconf 87' lang='lat' dir='ltr'><strong>verborum</strong></span> <span class='ocrx_word' id='word_1_148' title='bbox 1233 2428 1307 2486; x_wconf 90' lang='lat' dir='ltr'><strong>ima·</strong></span> 
     </span>
     <span class='ocr_line' id='line_1_21' title="bbox 202 2531 1308 2608; baseline 0.003 -19"><span class='ocrx_word' id='word_1_149' title='bbox 202 2531 300 2608; x_wconf 86' lang='lat' dir='ltr'><strong>ginem</strong></span> <span class='ocrx_word' id='word_1_150' title='bbox 317 2531 409 2590; x_wconf 81' lang='lat' dir='ltr'><strong>refert</strong></span> <span class='ocrx_word' id='word_1_151' title='bbox 423 2531 486 2590; x_wconf 83' lang='lat' dir='ltr'><strong>tere</strong></span> <span class='ocrx_word' id='word_1_152' title='bbox 503 2532 653 2591; x_wconf 85' lang='lat' dir='ltr'><strong>variarum</strong></span> <span class='ocrx_word' id='word_1_153' title='bbox 669 2531 946 2608; x_wconf 83' lang='lat' dir='ltr'><strong>interpretationum</strong></span> <span class='ocrx_word' id='word_1_154' title='bbox 959 2537 1149 2606; x_wconf 87' lang='lat' dir='ltr'><strong>conspectus,</strong></span> <span class='ocrx_word' id='word_1_155' title='bbox 1167 2548 1244 2606; x_wconf 87' lang='lat' dir='ltr'><strong>quae</strong></span> <span class='ocrx_word' id='word_1_156' title='bbox 1261 2536 1308 2592; x_wconf 80' lang='lat' dir='ltr'><strong>tot</strong></span> 
     </span>
     <span class='ocr_line' id='line_1_22' title="bbox 202 2629 1307 2708; baseline 0.001 -19"><span class='ocrx_word' id='word_1_157' title='bbox 202 2630 395 2704; x_wconf 84' lang='lat' dir='ltr'><strong>exstiterunt,</strong></span> <span class='ocrx_word' id='word_1_158' title='bbox 421 2640 453 2690; x_wconf 92' lang='lat' dir='ltr'><strong>ut</strong></span> <span class='ocrx_word' id='word_1_159' title='bbox 474 2647 645 2690; x_wconf 86' lang='lat' dir='ltr'><strong>enumerare</strong></span> <span class='ocrx_word' id='word_1_160' title='bbox 669 2647 787 2707; x_wconf 84' lang='lat' dir='ltr'><strong>omnes,</strong></span> <span class='ocrx_word' id='word_1_161' title='bbox 810 2630 985 2708; x_wconf 85' lang='lat' dir='ltr'><strong>praesertim</strong></span> <span class='ocrx_word' id='word_1_162' title='bbox 1007 2629 1182 2690; x_wconf 84' lang='lat' dir='ltr'><strong>arbitrariae</strong></span> <span class='ocrx_word' id='word_1_163' title='bbox 1199 2629 1307 2690; x_wconf 85' lang='lat' dir='ltr'><strong>multas</strong></span> 
     </span>
     <span class='ocr_line' id='line_1_23' title="bbox 202 2730 1308 2810; baseline -0.002 -20"><span class='ocrx_word' id='word_1_164' title='bbox 202 2739 233 2790; x_wconf 90' lang='lat' dir='ltr'><strong>et</strong></span> <span class='ocrx_word' id='word_1_165' title='bbox 255 2732 372 2805; x_wconf 84' lang='lat' dir='ltr'><strong>futiles,</strong></span> <span class='ocrx_word' id='word_1_166' title='bbox 395 2733 516 2810; x_wconf 84' lang='lat' dir='ltr'><strong>longum</strong></span> <span class='ocrx_word' id='word_1_167' title='bbox 539 2732 690 2804; x_wconf 89' lang='lat' dir='ltr'><strong>videatur;</strong></span> <span class='ocrx_word' id='word_1_168' title='bbox 716 2733 810 2792; x_wconf 90' lang='lat' dir='ltr'><strong>multa</strong></span> <span class='ocrx_word' id='word_1_169' title='bbox 826 2751 875 2794; x_wconf 83' lang='lat' dir='ltr'><strong>vv.</strong></span> <span class='ocrx_word' id='word_1_170' title='bbox 899 2731 948 2791; x_wconf 81' lang='lat' dir='ltr'><strong>dd:</strong></span> <span class='ocrx_word' id='word_1_171' title='bbox 972 2739 1137 2790; x_wconf 87' lang='lat' dir='ltr'><strong>commenta</strong></span> <span class='ocrx_word' id='word_1_172' title='bbox 1158 2730 1308 2807; x_wconf 84' lang='lat' dir='ltr'><strong>congessit</strong></span> 
     </span>
     <span class='ocr_line' id='line_1_24' title="bbox 202 2831 1307 2906; baseline 0 -16"><span class='ocrx_word' id='word_1_173' title='bbox 202 2832 482 2892; x_wconf 75' lang='lat' dir='ltr'><strong>annunonrnus</strong></span> <span class='ocrx_word' id='word_1_174' title='bbox 500 2853 528 2892; x_wconf 90' lang='lat' dir='ltr'><strong>a.</strong></span> <span class='ocrx_word' id='word_1_175' title='bbox 545 2833 575 2891; x_wconf 88' lang='lat' dir='ltr'><strong>b.</strong></span> <span class='ocrx_word' id='word_1_176' title='bbox 593 2834 628 2906; x_wconf 88' lang='lat' dir='ltr'><strong>l.;</strong></span> <span class='ocrx_word' id='word_1_177' title='bbox 651 2833 807 2894; x_wconf 65' lang='lat' dir='ltr'><strong>maura</strong></span> <span class='ocrx_word' id='word_1_178' title='bbox 824 2851 852 2892; x_wconf 87' lang='lat' dir='ltr'><strong>a.</strong></span> <span class='ocrx_word' id='word_1_179' title='bbox 869 2833 899 2893; x_wconf 90' lang='lat' dir='ltr'><strong>b.</strong></span> <span class='ocrx_word' id='word_1_180' title='bbox 918 2831 936 2888; x_wconf 91' lang='lat' dir='ltr'><strong>l.</strong></span> <span class='ocrx_word' id='word_1_181' title='bbox 953 2831 1189 2892; x_wconf 85' lang='lat' dir='ltr'><strong>emendationum</strong></span> <span class='ocrx_word' id='word_1_182' title='bbox 1207 2839 1307 2890; x_wconf 84' lang='lat' dir='ltr'><strong>textus</strong></span> 
     </span>
     <span class='ocr_line' id='line_1_25' title="bbox 205 2933 829 3011; baseline -0.002 -19"><span class='ocrx_word' id='word_1_183' title='bbox 205 2941 313 2992; x_wconf 90' lang='lat' dir='ltr'><strong>temere</strong></span> <span class='ocrx_word' id='word_1_184' title='bbox 329 2933 683 3011; x_wconf 81' lang='lat' dir='ltr'><strong>adhibiturumacervum</strong></span> <span class='ocrx_word' id='word_1_185' title='bbox 700 2934 829 2994; x_wconf 84' lang='lat' dir='ltr'><strong>exhibet.</strong></span> 
     </span>
    </p>

    <p class='ocr_par' dir='ltr' id='par_1_6' title="bbox 203 3018 1375 3713">
     <span class='ocr_line' id='line_1_26' title="bbox 253 3018 1307 3110; baseline -0.004 -18"><span class='ocrx_word' id='word_1_186' title='bbox 253 3033 426 3109; x_wconf 80' lang='lat' dir='ltr'><strong>Exponitur</strong></span> <span class='ocrx_word' id='word_1_187' title='bbox 449 3033 630 3095; x_wconf 85' lang='lat' dir='ltr'><strong>laetissimae</strong></span> <span class='ocrx_word' id='word_1_188' title='bbox 651 3033 858 3110; x_wconf 88' lang='lat' dir='ltr'><strong>promissionis</strong></span> <span class='ocrx_word' id='word_1_189' title='bbox 882 3018 940 3092; x_wconf 67' lang='lat' dir='ltr'><strong>ab</strong></span> <span class='ocrx_word' id='word_1_190' title='bbox 963 3049 1085 3092; x_wconf 74' lang='lat' dir='ltr'><strong>caussae</strong></span> <span class='ocrx_word' id='word_1_191' title='bbox 1115 3047 1176 3087; x_wconf 91' lang='lat' dir='ltr'><strong>non</strong></span> <span class='ocrx_word' id='word_1_192' title='bbox 1199 3028 1307 3088; x_wconf 89' lang='lat' dir='ltr'><strong>iterum</strong></span> 
     </span>
     <span class='ocr_line' id='line_1_27' title="bbox 204 3121 1307 3212; baseline -0.001 -20"><span class='ocrx_word' id='word_1_193' title='bbox 204 3133 343 3210; x_wconf 88' lang='lat' dir='ltr'><strong>angustia</strong></span> <span class='ocrx_word' id='word_1_194' title='bbox 356 3136 394 3193; x_wconf 90' lang='lat' dir='ltr'><strong>ab</strong></span> <span class='ocrx_word' id='word_1_195' title='bbox 405 3133 538 3212; x_wconf 86' lang='lat' dir='ltr'><strong>Assyriis</strong></span> <span class='ocrx_word' id='word_1_196' title='bbox 551 3135 705 3210; x_wconf 81' lang='lat' dir='ltr'><strong>parabitur</strong></span> <span class='ocrx_word' id='word_1_197' title='bbox 716 3135 831 3208; x_wconf 66' lang='lat' dir='ltr'><strong>Israeli</strong></span> <span class='ocrx_word' id='word_1_198' title='bbox 844 3153 911 3192; x_wconf 83' lang='lat' dir='ltr'><strong>nam</strong></span> <span class='ocrx_word' id='word_1_199' title='bbox 923 3135 1093 3192; x_wconf 79' lang='lat' dir='ltr'><strong>devorantur</strong></span> <span class='ocrx_word' id='word_1_200' title='bbox 1101 3137 1138 3189; x_wconf 89' lang='lat' dir='ltr'><strong>ot.</strong></span> <span class='ocrx_word' id='word_1_201' title='bbox 1154 3121 1307 3201; x_wconf 53' lang='lat' dir='ltr'><strong>onio-iu,</strong></span> 
     </span>
     <span class='ocr_line' id='line_1_28' title="bbox 203 3229 1308 3312; baseline -0.004 -18"><span class='ocrx_word' id='word_1_202' title='bbox 203 3251 290 3309; x_wconf 78' lang='lat' dir='ltr'><strong>usqae</strong></span> <span class='ocrx_word' id='word_1_203' title='bbox 305 3234 345 3292; x_wconf 88' lang='lat' dir='ltr'><strong>ad</strong></span> <span class='ocrx_word' id='word_1_204' title='bbox 369 3235 488 3311; x_wconf 88' lang='lat' dir='ltr'><strong>spinas,</strong></span> <span class='ocrx_word' id='word_1_205' title='bbox 513 3235 714 3312; x_wconf 89' lang='lat' dir='ltr'><strong>comparative</strong></span> <span class='ocrx_word' id='word_1_206' title='bbox 737 3236 861 3306; x_wconf 89' lang='lat' dir='ltr'><strong>dietum,</strong></span> <span class='ocrx_word' id='word_1_207' title='bbox 887 3235 962 3294; x_wconf 86' lang='lat' dir='ltr'><strong>adeo</strong></span> <span class='ocrx_word' id='word_1_208' title='bbox 985 3231 1126 3309; x_wconf 83' lang='lat' dir='ltr'><strong>implexi,</strong></span> <span class='ocrx_word' id='word_1_209' title='bbox 1148 3237 1182 3287; x_wconf 88' lang='lat' dir='ltr'><strong>ut</strong></span> <span class='ocrx_word' id='word_1_210' title='bbox 1204 3229 1308 3304; x_wconf 86' lang='lat' dir='ltr'><strong>spinas</strong></span> 
     </span>
     <span class='ocr_line' id='line_1_29' title="bbox 204 3329 1375 3414; baseline -0.003 -22"><span class='ocrx_word' id='word_1_211' title='bbox 204 3334 403 3411; x_wconf 86' lang='lat' dir='ltr'><strong>perplexitate</strong></span> <span class='ocrx_word' id='word_1_212' title='bbox 419 3345 548 3412; x_wconf 86' lang='lat' dir='ltr'><strong>aequent</strong></span> <span class='ocrx_word' id='word_1_213' title='bbox 564 3335 704 3414; x_wconf 81' lang='lat' dir='ltr'><strong>(Mrcn.);</strong></span> <span class='ocrx_word' id='word_1_214' title='bbox 721 3336 774 3394; x_wconf 84' lang='lat' dir='ltr'><strong>eir.</strong></span> <span class='ocrx_word' id='word_1_215' title='bbox 794 3341 805 3394; x_wconf 93' lang='lat'>1</span> <span class='ocrx_word' id='word_1_216' title='bbox 819 3336 890 3396; x_wconf 88' lang='lat' dir='ltr'><strong>Par.</strong></span> <span class='ocrx_word' id='word_1_217' title='bbox 904 3335 958 3408; x_wconf 90' lang='lat' dir='ltr'><strong>IV,</strong></span> <span class='ocrx_word' id='word_1_218' title='bbox 976 3339 1009 3392; x_wconf 77' lang='lat'><strong>27</strong></span> <span class='ocrx_word' id='word_1_219' title='bbox 1022 3333 1088 3405; x_wconf 88' lang='lat' dir='ltr'><strong>all.;</strong></span> <span class='ocrx_word' id='word_1_220' title='bbox 1107 3351 1135 3392; x_wconf 82' lang='lat' dir='ltr'><strong>v.</strong></span> <span class='ocrx_word' id='word_1_221' title='bbox 1149 3349 1174 3390; x_wconf 90' lang='lat' dir='ltr'><strong>s.</strong></span> <span class='ocrx_word' id='word_1_222' title='bbox 1188 3329 1306 3390; x_wconf 81' lang='lat' dir='ltr'><strong>Gnssu.</strong></span> <span class='ocrx_word' id='word_1_223' title='bbox 1370 3377 1375 3381; x_wconf 82' lang='grc'><em>.</em></span> 
     </span>
     <span class='ocr_line' id='line_1_30' title="bbox 203 3431 1307 3512; baseline -0.005 -17"><span class='ocrx_word' id='word_1_224' title='bbox 203 3435 279 3496; x_wconf 89' lang='lat' dir='ltr'><strong>thes.</strong></span> <span class='ocrx_word' id='word_1_225' title='bbox 297 3455 325 3494; x_wconf 91' lang='lat' dir='ltr'><strong>a.</strong></span> <span class='ocrx_word' id='word_1_226' title='bbox 344 3455 373 3496; x_wconf 88' lang='lat' dir='ltr'><strong>v.</strong></span> <span class='ocrx_word' id='word_1_227' title='bbox 423 3434 582 3512; x_wconf 86' lang='lat' dir='ltr'><strong>Spinarum</strong></span> <span class='ocrx_word' id='word_1_228' title='bbox 607 3436 769 3500; x_wconf 86' lang='lat' dir='ltr'><strong>similitudo</strong></span> <span class='ocrx_word' id='word_1_229' title='bbox 792 3436 918 3496; x_wconf 88' lang='lat' dir='ltr'><strong>refertur</strong></span> <span class='ocrx_word' id='word_1_230' title='bbox 943 3435 983 3497; x_wconf 89' lang='lat' dir='ltr'><strong>ad</strong></span> <span class='ocrx_word' id='word_1_231' title='bbox 1005 3435 1134 3494; x_wconf 87' lang='lat' dir='ltr'><strong>animum</strong></span> <span class='ocrx_word' id='word_1_232' title='bbox 1158 3431 1307 3492; x_wconf 90' lang='lat' dir='ltr'><strong>inimicum</strong></span> 
     </span>
     <span class='ocr_line' id='line_1_31' title="bbox 203 3519 1307 3615; baseline -0.005 -21"><span class='ocrx_word' id='word_1_233' title='bbox 203 3543 240 3594; x_wconf 79' lang='lat' dir='ltr'><strong>et·</strong></span> <span class='ocrx_word' id='word_1_234' title='bbox 256 3536 475 3615; x_wconf 88' lang='lat' dir='ltr'><strong>adversarium,</strong></span> <span class='ocrx_word' id='word_1_235' title='bbox 499 3537 553 3596; x_wconf 87' lang='lat' dir='ltr'><strong>cfr.</strong></span> <span class='ocrx_word' id='word_1_236' title='bbox 570 3535 602 3596; x_wconf 87' lang='lat' dir='ltr'>N</span> <span class='ocrx_word' id='word_1_237' title='bbox 604 3557 661 3598; x_wconf 89' lang='lat' dir='ltr'><strong>um.</strong></span> <span class='ocrx_word' id='word_1_238' title='bbox 675 3537 833 3610; x_wconf 88' lang='lat' dir='ltr'><strong>XXXIII,</strong></span> <span class='ocrx_word' id='word_1_239' title='bbox 850 3519 900 3609; x_wconf 67' lang='lat'><strong>553</strong></span> <span class='ocrx_word' id='word_1_240' title='bbox 924 3535 1010 3596; x_wconf 83' lang='lat' dir='ltr'><strong>Cant.</strong></span> <span class='ocrx_word' id='word_1_241' title='bbox 1023 3536 1069 3608; x_wconf 88' lang='lat' dir='ltr'><strong>H,</strong></span> <span class='ocrx_word' id='word_1_242' title='bbox 1086 3539 1119 3607; x_wconf 75' lang='lat'><strong>23</strong></span> <span class='ocrx_word' id='word_1_243' title='bbox 1137 3533 1224 3592; x_wconf 89' lang='lat' dir='ltr'><strong>Mioh.</strong></span> <span class='ocrx_word' id='word_1_244' title='bbox 1237 3530 1307 3604; x_wconf 85' lang='lat' dir='ltr'><strong>VII,</strong></span> 
     </span>
     <span class='ocr_line' id='line_1_32' title="bbox 203 3635 1308 3713; baseline -0.005 -19"><span class='ocrx_word' id='word_1_245' title='bbox 203 3640 238 3708; x_wconf 82' lang='lat'><strong>43</strong></span> <span class='ocrx_word' id='word_1_246' title='bbox 255 3635 311 3696; x_wconf 89' lang='lat' dir='ltr'><strong>Ies.</strong></span> <span class='ocrx_word' id='word_1_247' title='bbox 325 3635 464 3712; x_wconf 89' lang='lat' dir='ltr'><strong>XXVII,</strong></span> <span class='ocrx_word' id='word_1_248' title='bbox 482 3643 514 3696; x_wconf 82' lang='lat'><strong>4:</strong></span> <span class='ocrx_word' id='word_1_249' title='bbox 539 3637 592 3698; x_wconf 79' lang='lat' dir='ltr'><strong>Ee.</strong></span> <span class='ocrx_word' id='word_1_250' title='bbox 606 3637 653 3711; x_wconf 89' lang='lat' dir='ltr'><strong>H,</strong></span> <span class='ocrx_word' id='word_1_251' title='bbox 671 3641 722 3708; x_wconf 77' lang='lat'><strong>263</strong></span> <span class='ocrx_word' id='word_1_252' title='bbox 739 3637 894 3709; x_wconf 84' lang='lat' dir='ltr'><strong>XXVIII,</strong></span> <span class='ocrx_word' id='word_1_253' title='bbox 913 3641 947 3694; x_wconf 75' lang='lat'><strong>24</strong></span> <span class='ocrx_word' id='word_1_254' title='bbox 959 3637 978 3709; x_wconf 90' lang='lat'><strong>¹,</strong></span> <span class='ocrx_word' id='word_1_255' title='bbox 1002 3653 1061 3713; x_wconf 93' lang='lat' dir='ltr'><strong>quo</strong></span> <span class='ocrx_word' id='word_1_256' title='bbox 1078 3635 1111 3693; x_wconf 90' lang='lat' dir='ltr'><strong>in</strong></span> <span class='ocrx_word' id='word_1_257' title='bbox 1127 3650 1232 3708; x_wconf 87' lang='lat' dir='ltr'><strong>genere</strong></span> <span class='ocrx_word' id='word_1_258' title='bbox 1247 3638 1308 3688; x_wconf 89' lang='lat' dir='ltr'><strong>ter·</strong></span> 
     </span>
    </p>
   </div>
   <div class='ocr_carea' id='block_1_5' title="bbox 102 3732 1307 3820">
    <p class='ocr_par' dir='ltr' id='par_1_7' title="bbox 102 3732 1307 3820">
     <span class='ocr_line' id='line_1_33' title="bbox 102 3732 1307 3820; baseline -0.009 -23"><span class='ocrx_word' id='word_1_259' title='bbox 102 3815 106 3820; x_wconf 30' lang='lat'>¹</span> <span class='ocrx_word' id='word_1_260' title='bbox 203 3736 293 3809; x_wconf 89' lang='lat' dir='ltr'><strong>tium,</strong></span> <span class='ocrx_word' id='word_1_261' title='bbox 319 3737 399 3814; x_wconf 92' lang='lat' dir='ltr'><strong>quod</strong></span> <span class='ocrx_word' id='word_1_262' title='bbox 416 3738 513 3810; x_wconf 89' lang='lat' dir='ltr'><strong>aiunt,</strong></span> <span class='ocrx_word' id='word_1_263' title='bbox 537 3737 768 3814; x_wconf 89' lang='lat' dir='ltr'><strong>comparationis</strong></span> <span class='ocrx_word' id='word_1_264' title='bbox 786 3745 831 3796; x_wconf 89' lang='lat' dir='ltr'><strong>est</strong></span> <span class='ocrx_word' id='word_1_265' title='bbox 849 3737 1017 3810; x_wconf 83' lang='lat' dir='ltr'><strong>„firmatum</strong></span> <span class='ocrx_word' id='word_1_266' title='bbox 1040 3732 1237 3808; x_wconf 87' lang='lat' dir='ltr'><strong>callidumque</strong></span> <span class='ocrx_word' id='word_1_267' title='bbox 1253 3749 1307 3789; x_wconf 87' lang='lat' dir='ltr'><strong>no-</strong></span> 
     </span>
    </p>
   </div>
   <div class='ocr_carea' id='block_1_6' title="bbox 204 3831 1308 3916">
    <p class='ocr_par' dir='ltr' id='par_1_8' title="bbox 204 3831 1308 3916">
     <span class='ocr_line' id='line_1_34' title="bbox 204 3831 1308 3916; baseline -0.006 -21"><span class='ocrx_word' id='word_1_268' title='bbox 204 3837 290 3896; x_wconf 92' lang='lat' dir='ltr'><strong>cendi</strong></span> <span class='ocrx_word' id='word_1_269' title='bbox 314 3837 469 3896; x_wconf 88' lang='lat' dir='ltr'><strong>studium“</strong></span> <span class='ocrx_word' id='word_1_270' title='bbox 487 3837 654 3914; x_wconf 70' lang='lat' dir='ltr'><strong>(Manem),</strong></span> <span class='ocrx_word' id='word_1_271' title='bbox 685 3839 717 3897; x_wconf 92' lang='lat' dir='ltr'><strong>in</strong></span> <span class='ocrx_word' id='word_1_272' title='bbox 735 3855 793 3916; x_wconf 88' lang='lat' dir='ltr'><strong>quo</strong></span> <span class='ocrx_word' id='word_1_273' title='bbox 817 3836 891 3898; x_wconf 87' lang='lat' dir='ltr'><strong>latet</strong></span> <span class='ocrx_word' id='word_1_274' title='bbox 914 3835 1002 3897; x_wconf 88' lang='lat' dir='ltr'><strong>simul</strong></span> <span class='ocrx_word' id='word_1_275' title='bbox 1024 3832 1203 3910; x_wconf 87' lang='lat' dir='ltr'><strong>periculum,</strong></span> <span class='ocrx_word' id='word_1_276' title='bbox 1226 3831 1308 3908; x_wconf 88' lang='lat' dir='ltr'><strong>quod</strong></span> 
     </span>
    </p>
   </div>
   <div class='ocr_carea' id='block_1_7' title="bbox 205 4089 1308 4330">
    <p class='ocr_par' dir='ltr' id='par_1_9' title="bbox 205 4089 1308 4330">
     <span class='ocr_line' id='line_1_35' title="bbox 256 4089 1308 4161; baseline -0.006 -15"><span class='ocrx_word' id='word_1_277' title='bbox 256 4095 282 4156; x_wconf 90' lang='lat'><strong>1)</strong></span> <span class='ocrx_word' id='word_1_278' title='bbox 299 4096 442 4147; x_wconf 75' lang='lat' dir='ltr'><strong>Funeratus</strong></span> <span class='ocrx_word' id='word_1_279' title='bbox 458 4098 476 4148; x_wconf 91' lang='lat' dir='ltr'><strong>l.</strong></span> <span class='ocrx_word' id='word_1_280' title='bbox 489 4099 506 4148; x_wconf 92' lang='grc'><strong>1.</strong></span> <span class='ocrx_word' id='word_1_281' title='bbox 524 4114 549 4161; x_wconf 89' lang='lat' dir='ltr'><strong>p.</strong></span> <span class='ocrx_word' id='word_1_282' title='bbox 559 4099 591 4146; x_wconf 91' lang='lat'><strong>18</strong></span> <span class='ocrx_word' id='word_1_283' title='bbox 605 4096 702 4161; x_wconf 87' lang='lat' dir='ltr'><strong>aliquot</strong></span> <span class='ocrx_word' id='word_1_284' title='bbox 720 4095 844 4146; x_wconf 85' lang='lat' dir='ltr'><strong>eiusmodi</strong></span> <span class='ocrx_word' id='word_1_285' title='bbox 862 4094 980 4158; x_wconf 88' lang='lat' dir='ltr'><strong>exempla</strong></span> <span class='ocrx_word' id='word_1_286' title='bbox 997 4093 1103 4144; x_wconf 90' lang='lat' dir='ltr'><strong>contulit</strong></span> <span class='ocrx_word' id='word_1_287' title='bbox 1114 4106 1131 4142; x_wconf 92' lang='lat' dir='ltr'><strong>a</strong></span> <span class='ocrx_word' id='word_1_288' title='bbox 1142 4089 1308 4143; x_wconf 82' lang='lat' dir='ltr'><strong>Scnnursrsro</strong></span> 
     </span>
     <span class='ocr_line' id='line_1_36' title="bbox 205 4177 1308 4246; baseline -0.002 -18"><span class='ocrx_word' id='word_1_289' title='bbox 205 4193 239 4229; x_wconf 80' lang='lat' dir='ltr'><strong>ex</strong></span> <span class='ocrx_word' id='word_1_290' title='bbox 259 4180 374 4230; x_wconf 88' lang='lat' dir='ltr'><strong>Arabum</strong></span> <span class='ocrx_word' id='word_1_291' title='bbox 396 4183 495 4246; x_wconf 86' lang='lat' dir='ltr'><strong>scriptis</strong></span> <span class='ocrx_word' id='word_1_292' title='bbox 513 4180 631 4242; x_wconf 87' lang='lat' dir='ltr'><strong>collecta,</strong></span> <span class='ocrx_word' id='word_1_293' title='bbox 653 4181 733 4230; x_wconf 84' lang='lat' dir='ltr'><strong>veluti</strong></span> <span class='ocrx_word' id='word_1_294' title='bbox 755 4194 788 4230; x_wconf 84' lang='lat' dir='ltr'><strong>ex</strong></span> <span class='ocrx_word' id='word_1_295' title='bbox 804 4177 932 4230; x_wconf 75' lang='lat' dir='ltr'><strong>Hemina:</strong></span> <span class='ocrx_word' id='word_1_296' title='bbox 962 4185 1004 4242; x_wconf 91' lang='lat' dir='ltr'><strong>,et</strong></span> <span class='ocrx_word' id='word_1_297' title='bbox 1024 4179 1186 4242; x_wconf 80' lang='lat' dir='ltr'><strong>infringimus</strong></span> <span class='ocrx_word' id='word_1_298' title='bbox 1210 4179 1308 4242; x_wconf 87' lang='lat' dir='ltr'><strong>spinam</strong></span> 
     </span>
     <span class='ocr_line' id='line_1_37' title="bbox 206 4262 1053 4330; baseline 0 -16"><span class='ocrx_word' id='word_1_299' title='bbox 206 4264 374 4330; x_wconf 70' lang='lat' dir='ltr'><strong>sedeamusque</strong></span> <span class='ocrx_word' id='word_1_300' title='bbox 391 4272 489 4318; x_wconf 84' lang='lat' dir='ltr'><strong>aestum</strong></span> <span class='ocrx_word' id='word_1_301' title='bbox 507 4279 596 4316; x_wconf 84' lang='lat' dir='ltr'><strong>eorum</strong></span> <span class='ocrx_word' id='word_1_302' title='bbox 614 4265 758 4328; x_wconf 76' lang='lat' dir='ltr'><strong>(noenum),</strong></span> <span class='ocrx_word' id='word_1_303' title='bbox 774 4264 858 4316; x_wconf 87' lang='lat' dir='ltr'><strong>donec</strong></span> <span class='ocrx_word' id='word_1_304' title='bbox 873 4262 1053 4316; x_wconf 55' lang='lat' dir='ltr'><strong>saranescum</strong></span> 
     </span>
    </p>
   </div>
   <div class='ocr_carea' id='block_1_8' title="bbox 0 0 1485 4784">
    <p class='ocr_par' dir='ltr' id='par_1_10' title="bbox 0 0 1485 4784">
     <span class='ocr_line' id='line_1_38' title="bbox 0 0 1485 4784; baseline 0 0"><span class='ocrx_word' id='word_1_305' title='bbox 0 0 1485 4784; x_wconf 95' lang='lat' dir='ltr'><strong> </strong></span> 
     </span>
    </p>
   </div>
  </div>
 </body>
</html>
