2954 4784
569 177 572 182 -
594 137 667 198 Cle.
682 139 743 211 Ill,
761 159 790 198 v.
806 144 847 197 19.
1202 137 1271 206 127

169 328 322 400 nimirum3
336 325 437 403 paullo
451 325 537 384 aliter
550 323 702 382 Hrnnon.:
716 341 823 397 „nemo
837 322 874 382 de
887 321 1009 382 ducibus
1022 323 1149 383 inveniri
1161 333 1273 402 potest,

170 429 221 506 qui
239 435 397 505 congreget
413 445 465 486 eos
483 435 513 484 et
528 426 565 483 de
581 423 712 484 collectis
728 442 843 482 rursum
862 431 950 500 cogat
965 423 1157 484 exercitum.“
1189 425 1273 486 Has·

169 545 355 588 secessurus
371 527 507 586 liberius:
525 526 597 604 „qui
611 525 766 601 sepeliat.“
783 523 873 582 LXX
886 543 946 582 non
956 519 1148 601 Assyriorum
1161 545 1271 603 regem,

171 630 222 688 sed
246 629 387 688 lsraelem
410 628 593 704 appellatam
610 625 716 685 fecisse
733 625 883 696 videntur,
907 643 973 682 oum
996 626 1182 684 exhiberent:
1203 616 1273 686 ert-

170 721 292 801 σταξαν
320 718 353 788 οὶ
375 719 532 803 ποῖμενές
554 744 631 797 σου,
659 717 818 802 βασιλεὺς
827 711 1016 805 Ἀσσύριος
1037 715 1172 802 ἐκόμισε
1193 719 1272 800 τοὺς

170 818 333 898 δυνάστας
353 844 430 887 σου·
454 814 583 907 ἀπῆρεν
605 814 623 884 ὁ
645 813 728 896 λαός
749 841 810 884 σου
831 815 889 883 ἐπὶ
910 817 952 882 τὰ
974 810 1054 906 ὅρη,
1078 821 1135 885 καὶ
1153 815 1214 886 οὐκ
1230 814 1272 909 ἦν

169 917 188 988 ὃ
210 919 433 1003 ἐκδεχόμενος.
468 927 614 984 Extrema
630 926 721 984 verba
738 924 856 982 suerunt
874 924 925 1000 qui
942 925 984 984 sic
997 926 1179 1002 acciperent:
1198 931 1272 1006 „qui

169 1048 220 1088 eos
237 1029 362 1105 recipiat
377 1026 409 1083 in
426 1026 608 1102 refugium,“
626 1025 678 1084 alii
695 1033 810 1098 autem,
830 1033 863 1082 ut
874 1023 1027 1084 Hannon:
1046 1027 1120 1104 „qui
1137 1048 1188 1088 eos
1201 1029 1272 1087 reti·

167 1137 238 1188 neat
264 1141 293 1187 et
321 1130 447 1204 ignavos
477 1126 599 1184 reducat
628 1127 667 1184 ad
696 1125 892 1185 resistendum
921 1127 1057 1186 hostibus
1068 1132 1099 1200 ,“
1128 1128 1270 1203 Onnum,

168 1229 292 1288 Tuaen.
319 1227 440 1288 Rectius
456 1229 582 1294 Acorea
599 1235 629 1286 et
645 1227 869 1286 Tnn0n0r1onr
889 1214 907 1288 ὁ
930 1217 1089 1308 συναγών.

680 1499 709 1538 v.
726 1483 766 1538 19.

216 1629 378 1688 Extremus
394 1628 528 1702 vaticinii
544 1647 647 1690 versus
665 1630 769 1688 acerbe
786 1628 1018 1704 magnitudinem
1032 1629 1204 1688 immensam
1218 1649 1271 1688 ex·

169 1728 239 1786 cidii
256 1729 343 1788 simul
360 1736 390 1786 et
407 1729 555 1818 nequitiae
571 1729 728 1805 proponit,
751 1747 788 1787 ne
811 1748 898 1805 quem
921 1737 1023 1788 tautae
1041 1730 1161 1818 ultionis
1178 1729 1271 1793 lateat

168 1847 284 1888 caussa.
317 1829 385 1886 Noc
410 1838 451 1886 est
471 1833 608 1903 mitigatio
624 1832 776 1903 fracturae
800 1837 879 1899 tuac,
908 1847 995 1904 capro
1024 1841 1066 1888 cst
1081 1833 1172 1906 playa
1201 1841 1270 1899 tcc5

79 1959 82 1965 ·
168 1948 261 1988 omnm
278 1933 327 2004 qui
343 1931 463 1987 andiunt
472 1931 586 2002 samam
603 1940 697 2000 mam,
716 1931 980 2005 plasmationem
1003 1949 1070 1988 nom
1091 1949 1271 2006 superquam

167 2049 224 2088 noa
241 2031 381 2088 transitat
395 2031 505 2090 malitia
523 2039 572 2087 tuo
583 2034 741 2105 perpetuo!
758 2063 796 2072 -
818 2043 885 2116 σπι-ῃ
911 2029 1061 2105 singulare
1093 2031 1271 2095 substantivi

168 2131 351 2206 exemplum,
379 2149 417 2186 ex
442 2130 546 2188 adieot.
564 2130 662 2188 femin.
681 2130 859 2200 delibatum3
884 2129 1007 2189 verbum
1029 2145 1096 2189 nn:
1123 2130 1271 2205 significat

166 2232 356 2308 languescere
373 2231 430 2289 les.
443 2229 547 2303 XLII,
560 2235 595 2300 43
613 2230 678 2288 Iob.
692 2230 801 2302 XVII,
816 2235 832 2287 t
840 2251 848 2301 3
866 2229 937 2288 Lev.
949 2230 1044 2302 XIII,
1058 2234 1083 2288 6.
1098 2235 1140 2288 21.
1154 2233 1187 2288 26
1201 2231 1269 2302 all.;

166 2331 235 2390 iude
253 2333 347 2392 subst.
365 2338 450 2388 notat
467 2331 656 2406 languorem,
674 2330 905 2406 mitigationem,
922 2330 965 2388 uti
979 2338 1057 2388 recte
1075 2331 1178 2390 statuit
1190 2328 1269 2388 Ooc-

106 2479 108 2484 .
167 2448 271 2504 cums,
289 2431 337 2489 vel
354 2431 573 2504 remissionem,
591 2431 635 2489 uti
652 2431 687 2489 L.
706 2429 866 2489 Osrnnnns
879 2429 982 2488 LXX:
1005 2417 1066 2488 οὐκ
1077 2419 1168 2489 ἔστιν
1177 2419 1270 2501 ἴασις

166 2527 208 2613 τῇ
230 2529 387 2613 συντριβῇ
410 2549 480 2592 σου.
503 2533 553 2590 Ab
576 2532 633 2590 bac
654 2531 761 2589 idonea
780 2511 955 2602 'notatione
979 2529 1026 2588 cui
1047 2530 1271 2604 patrocinantur

168 2631 307 2703 Kanna„
326 2631 415 2704 .Ew.,
438 2632 558 2704 Manu,
583 2631 699 2704 Horu,
724 2639 907 2690 recesserunt
931 2630 1072 2702 Manem,
1096 2629 1268 2704 Knmnsm,

167 2731 286 2803 Buram,
305 2731 357 2809 qui
372 2731 558 2806 interpretati
575 2739 659 2789 sunt:
676 2731 839 2790 contractio
859 2730 1006 2803 vulneris,
1025 2749 1101 2807 quae
1112 2731 1195 2788 notio
1208 2751 1269 2790 non

123 2844 129 2857 ¹
168 2830 545 2903 adrnittiturles.XLII,2;
564 2849 617 2888 neo
634 2832 727 2905 probe
737 2831 877 2890 Peschito
892 2830 1033 2888 reddidit:
1046 2847 1096 2889 4..ο
1105 2821 1159 2906 Ing
1177 2815 1269 2890 21Δο

168 2925 277 3012 mgni.
304 2921 368 2990 Μ
396 2915 480 3002 οὐ,
508 2949 562 2988 nec
584 2939 629 2989 est
652 2931 703 3008 qui
721 2931 820 2989 doleat
837 2930 873 2988 de
889 2929 1093 3002 fracturatna,
1119 2930 1266 3011 Ionam,

168 3032 283 3091 Lurm:
302 3031 439 3090 niemand
456 3030 533 3089 wird
550 3051 600 3089 um
618 3031 723 3090 deinen
741 3029 878 3090 Schaden
894 3037 1029 3102 manem,
1048 3031 1126 3089 noch
1143 3031 1205 3092 sich
1218 3050 1269 3088 um

169 3133 253 3190 deine
269 3133 363 3208 Plaga
380 3132 531 3204 krdnken3
550 3132 675 3208 denique
687 3128 909 3190 Hmnontrtns:
927 3149 989 3188 nou
1002 3139 1047 3190 est
1058 3132 1185 3190 obscura
1198 3149 1268 3190 con·

167 3233 249 3309 tritio
268 3240 327 3291 tua.
346 3265 382 3276 -
404 3248 472 3290 ’σω
494 3233 640 3305 fractura,
667 3232 706 3290 ad
731 3231 928 3290 calamitatem
950 3238 980 3288 et
1002 3231 1152 3292 interitum
1174 3232 1269 3290 homi·

168 3353 238 3392 num
249 3335 287 3392 ab
302 3333 419 3392 ossibus
432 3333 591 3404 translata,
609 3351 705 3408 neque
717 3350 789 3389 vero
803 3351 822 3389 a
835 3331 915 3392 vasis
928 3330 1057 3407 figulinis
1070 3331 1268 3411 (Kauusn.);

167 3434 246 3492 haud
263 3453 332 3492 raro
351 3433 457 3492 dicitur
474 3451 534 3490 non
552 3433 648 3492 solum
665 3432 702 3490 de
719 3431 887 3490 calamitate
903 3431 981 3489 bello
1000 3441 1122 3508 accepta
1138 3433 1190 3492 Ps.
1199 3433 1268 3505 LX,

166 3539 184 3590 4
201 3533 268 3608 (cfr.
286 3533 442 3593 Hnnosrn.
460 3552 487 3590 a.
505 3532 535 3591 h.
553 3533 604 3610 1.),
630 3533 681 3592 sed
707 3532 796 3591 etiam
818 3531 855 3590 de
876 3531 996 3590 interitu
1019 3541 1048 3590 et
1065 3533 1157 3590 exitio
1174 3533 1267 3592 Prov.

168 3633 255 3705 XVI,
275 3637 316 3706 18,
334 3635 370 3691 de
388 3633 494 3693 exsilio
512 3634 622 3693 Threu.
640 3634 680 3706 II,
700 3637 742 3692 11.
760 3633 822 3705 III,
839 3637 888 3704 473
908 3617 996 3706 saepe
1016 3650 1134 3709 quoque
1149 3633 1268 3692 coniun-

168 3741 247 3792 ctum
264 3751 328 3790 cum
346 3751 394 3793 vv.
413 3753 479 3810 sqq.
502 3749 587 3811 qnam
611 3727 704 3806 aba),
723 3733 775 3794 cfr.
793 3733 850 3792 Ier.
868 3733 921 3804 X,
941 3735 982 3788 19.
995 3731 1081 3804 XIV,
1098 3737 1144 3804 173
1161 3733 1267 3806 XXX,

169 3838 217 3905 123
235 3833 287 3910 qui
305 3842 463 3892 concentus
481 3834 698 3894 enuntiatorum
714 3833 812 3909 possit
829 3834 948 3911 quidem
963 3832 1103 3891 fortuitus
1121 3850 1202 3905 esse,
1226 3833 1269 3890 uti

168 3934 282 3994 censuit
296 3933 465 3992 Knnrsnns
481 3934 502 3992 I.
515 3934 536 3991 l.
554 3954 584 4010 p.
594 3938 641 4006 753
663 3953 768 3993 verum
793 3934 934 4010 quoniam
950 3933 1007 3992 Ier.
1025 3933 1135 4006 XXX,
1154 3936 1170 3990 8
1194 3931 1269 3992 vidi-

169 4053 234 4094 mus
251 4033 383 4094 Nahnmi
408 4043 438 4092 et
453 4033 568 4093 Iesaiae
591 4035 680 4114 simul
701 4035 811 4094 referre
834 4036 927 4094 rerba
948 4033 1015 4110 (cfr.
1040 4029 1127 4107 adl,
1146 4035 1193 4112 13)
1215 4033 1270 4092 ali-

169 4153 257 4210 quem
278 4136 382 4196 saltem
406 4135 500 4196 nostri
523 4154 642 4213 quoque
658 4135 717 4194 loci
734 4135 951 4212 suspicabimur
966 4143 1148 4213 respectum,
1172 4121 1209 4194 ne
1226 4133 1270 4194 di·
