2954 4784
204 151 272 222 128
593 154 917 228 cn.111‚·v.1l-1a
965 109 966 112 Ἴ

201 360 266 400 cam
288 339 492 408 imitationem.
510 371 545 380 -
568 332 630 405 rubri
654 337 705 398 Ni.
729 339 860 416 graviter
884 346 1055 415 aegrotare,
1078 339 1132 399 cfr.
1153 339 1211 400 Ies.
1229 340 1304 415 XII,

203 445 244 500 13.
262 441 369 512 XVII,
390 445 420 512 13
443 438 523 497 Dan.
540 439 632 513 VIII,
651 445 701 513 273
727 439 869 499 Gnavrus
892 459 1047 517 perperam
1070 441 1173 500 vertit:
1197 442 1304 517 depra-

201 551 304 601 vatum
328 549 373 600 est
396 539 591 616 negligentia,
615 549 645 599 et
663 539 889 601 Scanornaaus
913 540 1035 598 nimium
1057 547 1147 598 tenax
1172 543 1303 601 notionis

201 643 316 708 formae
332 641 408 700 Kal:
426 640 529 698 attrita
546 649 591 699 est
608 642 646 700 ad
665 660 736 701 ossa
753 659 855 718 usque.
886 639 981 718 Syrus
997 640 1161 718 interprea,
1181 643 1232 718 qui
1250 661 1303 701 ex·

199 742 282 802 hibet
304 734 455 802 eolo-m
474 731 627 812 aori-:iao
646 743 784 818 apposite
800 741 918 800 titulum
935 741 1026 800 totius
1043 741 1176 800 vaticinii
1192 742 1224 800 in
1240 763 1303 802 me-

200 843 325 902 moriam
342 841 502 920 legentium
519 851 654 915 revocat,
673 857 753 907 uiro
780 847 866 918 abra,
887 860 975 918 quem
992 841 1096 900 eodem
1111 842 1162 900 illc
1180 861 1303 919 expres·

201 944 366 1016 sit.verbo;
388 944 441 1001 cir.
459 942 498 1000 ad
514 941 546 1016 Ι,
566 947 590 1002 1.
614 975 650 986 -
675 940 793 1002 Suffixa
814 931 924 1002 masec,
944 941 1065 1019 plagam
1089 950 1119 1000 et
1140 944 1300 1002 fracturam
1327 975 1330 988 ·
1421 985 1425 992 -
1460 899 1464 907 ἱ

201 1045 264 1120 regi
282 1045 400 1122 quidem
416 1042 557 1101 inflictam
575 1061 640 1102 esse
656 1041 831 1118 indigitant,
855 1041 919 1118 regi
946 1050 1044 1101 autem
1070 1060 1130 1100 uon
1159 1051 1301 1120 tanquam

202 1144 315 1202 homini
330 1143 447 1221 singulo
464 1150 589 1219 propter
605 1161 660 1202 sua
676 1142 790 1218 flagitia
807 1142 984 1220 destinatam
1000 1141 1223 1216 (Uuaanrrrust
1246 1164 1303 1216 „er

203 1244 297 1304 selbst
313 1244 402 1303 stirbt
418 1243 486 1316 hin,
511 1243 587 1301 ohne
603 1242 773 1319 Linderung
798 1242 851 1300 der
867 1240 1059 1315 Scbmerzeu,
1083 1261 1122 1300 an
1145 1243 1301 1302 tddtlicher

197 1344 465 1421 vVerwundung“),
484 1343 537 1402 sed
554 1363 589 1402 eo
608 1344 740 1416 nomine,
759 1361 818 1420 quo
843 1350 939 1403 totum
962 1359 1086 1419 regnum
1109 1344 1195 1403 unius
1222 1345 1301 1422 regis

200 1464 329 1521 persona
346 1444 588 1520 comprehensum
606 1444 752 1521 cogitatur
768 1443 889 1522 (Hrrz.)
894 1465 902 1515 3
916 1441 947 1502 id
961 1443 1041 1520 quod
1055 1451 1115 1503 tam
1129 1463 1241 1521 eseqq.
1252 1465 1300 1505 vv.

201 1540 243 1624 (Ἢ
264 1544 295 1606 'v
315 1541 420 1625 utun),
443 1563 532 1621 quam
550 1563 566 1602 e
584 1545 699 1604 collatIe
716 1564 764 1602 vr.
782 1543 812 1618 I,
832 1549 865 1602 14
888 1551 1021 1620 apparet.
1040 1577 1077 1586 —
1097 1542 1233 1603 Ceterum
1248 1565 1315 1616 no·¹

201 1644 325 1703 tandum
347 1653 394 1703 est
409 1643 559 1721 egregium
576 1645 797 1714 documentum,
820 1644 901 1721 quod
922 1663 961 1702 ex
986 1643 1033 1703 his
1058 1643 1157 1705 verbIs
1182 1645 1220 1704 ad
1238 1665 1303 1704 earn

201 1752 379 1821 potestatem
396 1745 478 1804 verbi
506 1757 578 1804 stuta
595 1744 756 1818 redundat,
776 1764 864 1820 quam
883 1763 938 1804 nos
955 1743 995 1802 ad
1007 1763 1031 1803 o.
1044 1744 1077 1817 I,
1093 1749 1105 1802 l
1120 1745 1302 1805 demonstra·

201 1843 306 1904 vimus.
323 1844 376 1901 cfr.
394 1863 423 1920 p.
436 1849 461 1902 6.
485 1877 521 1888 --
548 1843 707 1921 Copiosius
725 1845 855 1908 eandem,
870 1844 1045 1904 sententiam
1068 1844 1146 1904 dixit
1161 1846 1304 1906 Ieremias

201 1943 258 2018 LI,
277 1964 305 2002 v.
313 1947 341 2002 8.
360 1948 385 2003 9.
411 1943 546 2018 „Subito
562 1945 689 2004 concidit
705 1945 799 2004 Babel
823 1954 852 2004 et
873 1946 969 2003 fracta
991 1953 1052 2016 est,
1076 1945 1188 2004 ululate
1213 1966 1303 2022 super

202 2063 284 2117 eam,
309 2045 415 2104 sumite
432 2053 581 2122 unguenta
596 2063 652 2121 pro
671 2045 773 2104 dolore
791 2045 872 2119 eins,
896 2045 922 2104 si
939 2045 1016 2104 forte
1033 2046 1184 2105 medeatur
1203 2047 1246 2106 eil
1263 2081 1301 2090 -

201 2179 237 2188 -
256 2144 402 2205 (iuramus
419 2147 561 2206 Babelem
578 2165 633 2204 nec
650 2154 772 2205 sanatur
795 2181 831 2188 —
856 2145 1049 2205 destituemus
1075 2165 1140 2205 eam
1162 2156 1194 2206 et
1214 2149 1303 2209 abea-

201 2265 266 2306 mus
290 2246 328 2304 ad
351 2265 435 2305 suam
451 2246 578 2324 quisque
600 2255 725 2318 terram3
748 2265 816 2305 nam
839 2247 934 2323 tangit
956 2247 1055 2306 coelos
1075 2246 1216 2308 iudicium
1239 2249 1302 2310 eius

201 2354 232 2405 et
247 2347 357 2404 elatum
373 2355 419 2406 est
435 2366 528 2425 usque
545 2347 585 2404 ad
601 2347 735 2406 nubesl“

251 2447 316 2504 Iam
332 2445 404 2524 quia
426 2456 509 2506 tanta
533 2455 579 2506 est
594 2446 789 2524 Assyriorum
812 2447 982 2520 calamitas,
1005 2455 1039 2506 ut
1062 2430 1210 2524 respirare
1232 2449 1303 2508 inde

200 2565 352 2622 nunquam
376 2547 511 2620 valeant,
536 2547 599 2606 iure
621 2547 795 2624 plaudentes
812 2548 1021 2624 'laetantesque
1049 2557 1152 2625 gentes
1180 2568 1301 2625 praesa·

200 2647 298 2723 gientp
314 2645 413 2704 animo
430 2647 513 2705 audit
530 2654 632 2720 vates,
654 2667 731 2724 quae
753 2649 790 2707 ab
815 2648 885 2725 iugo
908 2649 1047 2708 diuturno
1073 2657 1103 2706 et
1126 2649 1302 2708 exsecrabili

200 2745 372 2805 crudelitate
389 2747 507 2806 tandem
520 2754 589 2806 sunt
600 2746 753 2806 liberatae.
779 2748 881 2806 Omnes
894 2753 943 2824 qai
961 2750 1082 2806 audiunt
1091 2750 1204 2822 samum
1222 2759 1302 2808 tuam

201 2866 225 2906 a
242 2846 439 2922 auditionem,
464 2847 572 2906 excidii
589 2847 727 2906 nimirum
744 2849 788 2908 tui
804 2857 894 2927 atque
910 2847 1064 2921 interitus,
1089 2849 1141 2925 (de
1158 2849 1303 2909 eiusmodi
1340 2859 1355 2884 ⁰

201 2947 324 3025 genitivi
341 2947 479 3008 obiectivi
495 2948 612 3008 ratione
628 2949 681 3006 cfr.
698 2948 886 3008 Dnnrrzscn'.
904 2948 943 3008 ad
959 2948 1040 3008 Hab.
1051 2948 1115 3022 III,
1132 2954 1165 3022 2,
1183 2949 1235 3008 ubi
1252 2969 1301 3008 ea·

202 3049 268 3106 dem
285 3033 423 3122 leguntur
439 3049 544 3126 verba)
557 3049 700 3123 plaudant
714 3067 801 3108 mana
818 3069 842 3110 s.
860 3050 929 3110 vola
946 3051 1056 3126 (accus.
1065 3049 1227 3129 instrum),
1245 3050 1300 3108 cfr.
1327 3058 1330 3064 '
1436 3067 1437 3074 ¹

201 3148 253 3207 Ps.
277 3147 409 3222 XLVII,
433 3153 459 3209 2.
483 3149 550 3208 coll.
574 3149 626 3208 Ps.
643 3147 793 3224 XCVIII,
811 3154 843 3223 83
861 3151 930 3210 ·Ies.
948 3150 1013 3222 LV,
1031 3155 1062 3223 23
1086 3169 1146 3208 non
1169 3150 1302 3226 stuporis

201 3246 377 3323 (Hannon),
396 3249 448 3308 sed
463 3247 594 3308 laetitiae
611 3257 641 3306 et
657 3250 757 3326 gaudii
774 3260 890 3328 gestus3
909 3250 1077 3310 Ornmnus:
1097 3241 1303 3332 χαρήσονται

204 3343 262 3406 καὶ
291 3339 501 3430 κροτήσουσι.
527 3348 618 3408 Haud
635 3368 719 3409 secus
736 3350 802 3410 aliis
819 3351 909 3425 locis,
927 3351 1075 3426 descripta
1091 3351 1300 3424 internecione,

200 3447 385 3507 inimicorum
404 3449 475 3506 olim
491 3449 677 3508 subditorum
693 3451 841 3510 adduntur
856 3451 999 3525 ludibria,
1018 3451 1070 3510 ofr.
1088 3453 1143 3510 Ier.
1156 3451 1301 3525 XLVIII,

203 3553 246 3608 20.
264 3548 323 3621 LI,
340 3553 357 3606 8
374 3549 442 3620 all.;
466 3549 711 3627 quemadmodum
728 3551 894 3627 Zepbania,
922 3551 973 3628 qui
997 3559 1131 3611 extrema
1146 3552 1230 3612 verbi
1258 3551 1303 3610 di·

202 3649 265 3708 vini
288 3657 392 3708 contra
408 3650 553 3728 Assyrios
569 3651 688 3726 fulgura
704 3652 807 3727 paucis
830 3659 898 3710 ante
920 3671 1052 3712 eversam
1070 3651 1181 3710 Ninum
1206 3651 1303 3712 emisit

119 3819 121 3823 ¹
202 3749 305 3832 annis,
335 3750 455 3810 brevem
477 3759 507 3809 et
532 3751 708 3810 succinctam
733 3751 991 3810 comminationem
1014 3753 1059 3821 II,
1087 3754 1191 3810 13-15
1212 3753 1303 3812 bacca

201 3851 312 3909 claudit
327 3869 414 3910 vocet
433 3852 538 3924 „Haec
555 3859 600 3910 est
616 3853 688 3910 urbs
705 3852 758 3911 illa
775 3853 944 3925 exsultans,
962 3852 1100 3912 habitans
1122 3871 1239 3926 secure,
1258 3853 1302 3910 di·

202 3969 270 4010 cens
287 3952 318 4009 in
337 3951 425 4010 corde
442 3971 510 4012 suo:
530 3968 585 4028 ego
600 3959 629 4010 et
639 3951 770 4012 deiectus
783 3953 840 4012 mei
851 3953 992 4030 amplius!
1010 3953 1169 4027 Quomodo
1181 3952 1303 4012 redacta

201 4051 293 4109 estin
311 4052 494 4125 vastitatem,
513 4051 609 4114 cubile
626 4053 746 4114 bestiisl
764 4055 860 4114 omnis
877 4055 929 4132 qui
946 4054 1116 4115 transiverit
1132 4073 1212 4126 eam,
1232 4053 1302 4113 sibi·

200 4149 290 4224 labit,
308 4151 433 4228 agitabit
449 4171 566 4213 manum
585 4154 711 4212 suumr‘
